2881 4580
410 1575 635 1638 Tacitus
649 1575 952 1638 annalium
970 1572 1236 1639 XV117:
1265 1593 1419 1636 anno
1452 1573 1771 1638 Christiano
1792 1571 1879 1637 66·
1901 1575 2107 1636 eodem
2138 1576 2370 1655 agmine

226 1664 512 1723 Annaeus
544 1661 709 1735 Mela,
735 1660 974 1722 Cerialis
996 1661 1257 1733 Anicius,
1281 1661 1489 1722 Rufius
1513 1660 1817 1740 Crispinus
1848 1679 1914 1722 ac
1938 1661 2248 1722 Petronius
2271 1680 2369 1722 ce-

228 1747 449 1808 cidere.
517 1756 639 1808 tum
668 1751 733 1808 in
763 1750 943 1827 capite
974 1743 1088 1806 18:
1121 1745 1193 1805 de
1225 1746 1285 1807 C.
1320 1745 1596 1806 Petronio
1628 1763 1811 1825 pauca
1841 1765 2019 1825 supra
2050 1747 2368 1826 repetenda

225 1839 389 1894 sunt.
421 1849 557 1891 nam
588 1832 671 1892 illi
701 1831 824 1892 dies
847 1850 954 1910 per
977 1849 1271 1904 somnum,
1299 1849 1415 1891 nox
1439 1831 1648 1892 officiis
1672 1839 1731 1891 et
1753 1831 2200 1893 oblectamentis
2221 1832 2371 1892 vitae

222 1915 694 1996 transigebatur3
739 1925 923 1994 utque
966 1916 1111 1977 alios
1140 1916 1458 1988 industria,
1503 1915 1581 1976 ita
1611 1917 1772 1977 hunc
1802 1917 2023 1995 ignavia
2054 1916 2125 1976 ad
2157 1918 2369 1977 famam

222 2002 585 2082 protulerat,
631 2000 1069 2080 habebaturque
1115 2019 1232 2062 non
1280 2019 1469 2082 ganeo
1515 2010 1573 2061 et
1613 2001 1956 2080 profligator
1998 2011 2063 2063 ut
2103 2002 2369 2081 plerique

223 2105 331 2149 sua
361 2087 775 2161 haurientium,
806 2087 907 2147 sed
939 2086 1167 2147 erudito
1199 2086 1358 2146 luxu.
1419 2103 1487 2146 ac
1517 2086 1667 2146 dicta
1700 2087 1965 2165 factaque
1997 2087 2121 2148 eius
2145 2095 2367 2165 quanto

224 2172 510 2233 solutiora
542 2180 601 2232 et
632 2170 925 2250 quandam
948 2171 1039 2232 sui
1065 2171 1491 2249 neglegentiam
1516 2172 1926 2251 praeferentia,
1958 2179 2122 2233 tanto
2145 2172 2369 2249 gratius

222 2259 286 2319 in
333 2257 594 2337 speciem
640 2256 1023 2337 simplicitatis
1068 2257 1525 2336 accipiebantur.
1585 2257 1909 2335 proconsul
1938 2264 2134 2318 tamen
2167 2256 2366 2337 Bithy-

224 2344 362 2404 niae
394 2351 453 2403 et
482 2362 618 2404 mox
650 2343 859 2403 consul
881 2342 1176 2420 vigentem
1208 2361 1270 2403 se
1300 2360 1366 2402 ac
1396 2360 1599 2422 parem
1633 2342 1884 2420 negotiis
1912 2343 2182 2403 ostendit.
2228 2341 2362 2403 dein

221 2428 529 2489 revolutus
558 2427 627 2488 ad
659 2428 790 2488 vitia
836 2446 940 2489 seu
983 2427 1261 2487 vitiorum
1306 2427 1630 2486 imitatione
1674 2427 1829 2487 inter
1858 2444 2077 2505 paucos
2122 2426 2365 2487 familia-

221 2514 379 2574 rium
410 2513 634 2574 Neroni
663 2513 1006 2591 adsumptus
1036 2521 1142 2584 est‚
1188 2512 1510 2591 elegantiae
1555 2510 1791 2585 arbiter,
1823 2510 1960 2572 dum
1993 2512 2137 2572 nihil
2167 2530 2365 2574 amoe-

219 2616 368 2659 num
401 2606 461 2658 et
487 2597 663 2658 molle
694 2597 993 2658 affluentia
1023 2605 1218 2676 putat,
1266 2597 1377 2658 nisi
1424 2596 1582 2675 quod
1628 2597 1681 2657 ei
1726 2597 2034 2658 Petronius
2077 2597 2368 2676 approba-

214 2684 419 2745 visset.
480 2681 640 2744 unde
670 2682 883 2743 invidia
908 2682 1179 2760 Tigellini
1213 2683 1375 2761 quasi
1406 2683 1683 2743 adversus
1712 2682 2004 2742 aemulum
2036 2690 2091 2742 et
2121 2682 2367 2744 scientia

213 2768 583 2847 voluptatum
621 2768 930 2847 potiorem.
991 2785 1131 2846 ergo
1176 2765 1577 2828 crudelitatem
1623 2767 1939 2846 principis,
1996 2767 2089 2828 cui
2136 2775 2367 2828 ceterae

212 2854 498 2914 libidines
527 2852 833 2925 cedebant,
864 2852 1202 2931 aggreditur
1225 2852 1535 2912 amicitiam
1562 2852 1827 2912 Scaevini
1851 2852 2131 2912 Petronio
2164 2852 2363 2913 obiec-

212 2947 352 2999 tans
383 2946 667 3017 corrupto
697 2938 767 2999 ad
791 2937 1073 3082 indiqium
1095 2956 1263 2998 servo
1287 2938 1674 3016 ademptaque
1696 2936 2039 2998 defensione
2063 2946 2120 2997 et
2140 2937 2364 2998 maiore

210 3033 389 3103 parte
419 3023 666 3083 familiae
697 3023 756 3083 in
789 3023 922 3082 vinc
946 3041 977 3081 a
1009 3033 1193 3101 rapta.
1254 3024 1406 3083 forte
1450 3021 1561 3083 illis
1604 3021 1810 3083 diebus
1842 3021 2213 3101 Campaniam
2257 3041 2363 3102 pe-

210 3109 426 3170 tiverat
458 3107 687 3181 Caesar,
734 3116 792 3168 et
823 3106 1033 3169 Cumas
1063 3126 1251 3186 usque
1281 3125 1632 3186 progressus
1663 3107 1976 3168 Petronius
2006 3106 2121 3167 illic
2150 3108 2362 3167 attine-

209 3194 410 3255 batur.
504 3212 614 3254 nec
657 3192 790 3254 tulit
834 3192 983 3253 ultra
1027 3192 1254 3253 timoris
1298 3205 1398 3252 aut
1439 3192 1565 3271 spei
1609 3210 1823 3252 moraS.
1915 3210 2107 3271 neque
2162 3200 2357 3253 tamen

206 3297 504 3359 praeceps
547 3278 720 3337 vitam
766 3278 989 3355 expulit
1031 3278 1130 3338 sed
1165 3278 1376 3339 incisas
1419 3296 1616 3349 venas,
1662 3284 1728 3337 ut
1767 3277 2030 3348 libitum,
2078 3275 2363 3355 obligatas

186 3364 445 3444 *aperire
476 3380 710 3424 rursum
744 3371 802 3423 et
831 3362 1046 3440 alloqui
1078 3362 1325 3436 amicos,
1373 3381 1494 3423 non
1541 3380 1650 3441 per
1679 3362 1827 3423 seria
1858 3370 1958 3422 aut
1987 3362 2201 3439 quibus
2231 3361 2359 3440 glo-²-

203 3450 360 3510 riam
394 3448 758 3509 constantiae
791 3456 1036 3526 peteret.
1081 3446 1471 3526 audiebatque
1494 3448 1819 3507 referentes
1850 3446 1993 3506 nihil
2016 3447 2087 3506 de
2118 3447 2360 3506 immor-

205 3534 437 3595 talitate
469 3533 646 3593 animi
679 3541 735 3592 et
765 3532 1118 3611 sapientium
1147 3532 1404 3611 placitis,
1450 3532 1551 3593 sed
1594 3532 1738 3591 levia
1782 3532 2039 3592 carmina
2072 3540 2131 3592 et
2159 3531 2362 3593 faciles

201 3638 436 3680 versus·
512 3636 814 3679 servorum
860 3617 1004 3678 alios
1046 3617 1388 3695 largitione,
1435 3617 1719 3696 quosdam
1761 3615 2104 3678 verberibus
2146 3617 2356 3677 affecit.

203 3703 348 3765 iniit
380 3703 600 3781 epulaS,
632 3721 843 3763 somno
876 3700 1150 3776 indulsit,
1200 3711 1265 3762 ut
1294 3719 1632 3781 quanquam
1665 3709 1863 3762 coacta
1894 3719 2053 3763 mors
2082 3702 2358 3765 fortuitae

204 3787 418 3851 similis
465 3797 634 3849 esset.
696 3806 776 3847 ne.
817 3786 1098 3847 codicillis
1143 3787 1398 3866 quidem,
1447 3787 1604 3866 quod
1647 3786 1915 3865 plerique
1958 3788 2356 3865 pereuntium,

198 3876 510 3935 Neronem
541 3881 641 3933 aut
663 3865 1018 3950 Tigellinum
1048 3880 1148 3932 aut
1178 3890 1355 3951 quem
1385 3871 1563 3932 alium
1593 3872 1923 3950 potentium
1954 3870 2217 3933 adulatus
2248 3883 2356 3944 est,

197 3960 304 4021 sed
341 3957 558 4035 flagitia
603 3957 887 4037 principis
930 3955 1041 4018 sub
1090 3957 1432 4017 nominibus
1479 3956 1843 4018 exoletorum
1892 3957 2357 4035 feminarumque

198 4056 261 4106 et
309 4044 633 4105 novitatem
680 4043 966 4121 cuiusque
1012 4043 1199 4121 stupri
1246 4042 1589 4121 perscripsit
1632 4052 1806 4121 atque
1851 4041 2153 4120 obsignata
2199 4041 2357 4103 misit

1876 4141 1946 4193 1*
