2881 4580
454 269 536 327 64
1382 265 1689 319 PETRoNn

381 507 385 512 ,
447 443 656 504 vimus.
719 460 855 502 nam
887 442 935 503 si
967 442 1179 520 aliquis
1211 460 1280 502 ex
1312 440 1382 516 is,
1415 440 1518 519 qui
1548 441 1609 501 in
1643 439 1851 501 eodem
1885 438 2165 518 synoecio
2211 448 2455 519 potant,
2504 460 2611 503 no·
2645 449 2688 498 L

449 547 587 589 men
620 536 832 608 poetae
879 527 1177 601 olfecerit,
1222 535 1406 587 totam
1452 525 1773 586 concitabit
1814 524 2087 585 viciniam
2147 533 2207 585 et
2251 543 2363 585 nos
2406 544 2622 590 omnes

450 613 561 674 sub
594 614 798 674 eadem
828 631 1001 674 causa
1032 612 1263 674 obruet.
1323 612 1607 672 miserere
1650 620 1711 672 et
1753 618 1854 671 aut
1882 609 2331 689 pinacothecam
2365 619 2464 672 aut
2494 612 2621 674 bal-

459 717 641 759 neum
685 697 917 777 cogita!
977 698 1063 760 sic
1108 716 1203 758 me
1245 697 1594 775 loquentem
1641 695 1972 774 obiurgavit
2017 693 2227 769 Giton,
2274 694 2623 760 mitissimus

451 802 629 863 puer,
663 791 722 844 et
753 784 986 862 negavit
1015 791 1177 844 recte
1208 784 1422 855 facere,
1456 781 1614 860 quod
1646 780 1869 844 seniori
1916 780 2282 841 conviciarer
2326 782 2624 862 simulque
2668 797 2699 846 5

450 867 668 930 oblitus
699 869 876 930 officii
922 885 1219 943 mensam,
1254 886 1427 946 quam
1458 867 1823 928 humanitate
1852 865 2216 945 posuissem,
2263 868 2626 930 contumelia

450 954 738 1028 tollerem,
773 954 1073 1032 multaque
1104 953 1211 1013 alia
1243 952 1667 1014 moderationis
1693 951 2207 1029 verecundiaeque
2236 952 2436 1028 verba,
2469 972 2626 1032 quae

450 1040 701 1100 formam
734 1039 861 1101 eius
892 1039 1129 1117 egregie
1160 1038 1453 1099 decebant

1525 1142 1558 1180 *

631 1206 640 1289 Ι
681 1213 736 1269 ‘o
769 1207 1018 1269 felicem’
1062 1208 1259 1287 inquit
1287 1212 1553 1269 ‘matrem
1599 1215 1789 1280 tuam,
1838 1223 1986 1283 quae
2030 1214 2090 1266 te
2135 1207 2309 1267 talem
2357 1209 2734 1287 peperitzLO

452 1301 643 1354 macte
672 1293 887 1355 virtute
918 1303 1063 1355 esto.
1126 1311 1315 1354 raram
1349 1293 1491 1353 fecit
1534 1292 1848 1352 mixturam
1896 1309 2030 1352 cum
2078 1292 2367 1370 sapientia
2411 1294 2624 1355 forma.
2671 1301 2732 1352 10

451 1380 650 1457 itaque
681 1398 759 1440 ne
790 1389 965 1459 putes
994 1389 1053 1440 te
1084 1387 1174 1439 tot
1201 1379 1377 1439 verba
1407 1377 1751 1457 perdidisse,
1786 1384 2108 1437 amatorem
2138 1376 2436 1439 invenisti.
2511 1399 2623 1458 ego

450 1464 653 1525 laudes
682 1473 816 1527 tuas
845 1464 1206 1526 carminibus
1236 1462 1516 1544 implebo.
1576 1481 1686 1541 ego
1716 1462 2095 1541 paedagogus
2124 1470 2184 1522 et
2214 1471 2415 1524 custos
2446 1465 2624 1524 etiam

456 1568 574 1629 quo
609 1569 732 1611 non
765 1551 1023 1623 iusseris,
1055 1567 1289 1627 sequar.
1353 1567 1466 1609 nec
1496 1547 1772 1608 iniuriam
1805 1546 2134 1626 Encolpius
2163 1548 2397 1627 accipit,
2445 1549 2624 1610 alium

451 1633 644 1695 amat.'
708 1636 931 1714 profuit
959 1635 1135 1695 etiam
1165 1634 1459 1713 Eumolpo
1489 1633 1658 1694 miles
1698 1632 1829 1706 ille,
1876 1633 1977 1711 qui
2022 1633 2167 1693 mihi
2211 1633 2454 1694 abstulit
2496 1637 2625 1714 gla-

454 1720 617 1781 dium
633 1739 649 1796 ;
711 1720 973 1799 alioquin
1040 1738 1216 1798 quem
1274 1720 1536 1780 animum
1584 1719 1861 1779 adversus
1904 1718 2184 1798 Ascylton
2230 1737 2625 1799 sumpseram,
2674 1727 2734 1778 15

452 1822 588 1865 eum
618 1805 681 1865 in
712 1804 990 1884 Eumolpi
1019 1805 1368 1884 sanguinem
1402 1803 1816 1865 exercuissem.
1878 1822 1991 1864 nec
2022 1803 2229 1864 fefellit
2257 1804 2372 1865 hoc
2389 1803 2623 1866 Gitona.

452 1890 651 1968 itaque
681 1898 845 1951 extra
875 1890 1080 1950 cellam
1114 1890 1432 1969 processit,
1465 1898 1745 1967 tanquam
1793 1906 2003 1967 aquam
2049 1897 2309 1968 peteret,
2355 1890 2627 1970 iramque

454 1992 646 2035 meam
689 1975 968 2056 prudenti
1014 1976 1280 2037 absentia
1325 1974 1595 2035 extinxit.
1672 1973 1977 2053 paululum
2023 1992 2166 2053 ergo
2212 1974 2627 2055 intepescente

455 2060 687 2122 saevitia
733 2059 1061 2140 ‘Eumolpe’
1105 2061 1346 2140 inquam
1395 2061 1527 2121 ‘iam
1573 2060 1727 2120 malo
1772 2059 1863 2120 vel
1919 2059 2285 2121 carminibus
2342 2060 2626 2140 loquariS,

456 2164 634 2224 quam
666 2145 956 2206 eiusmodi
1000 2146 1106 2207 tibi
1151 2156 1282 2208 vota
1328 2163 1653 2226 proponas.
1715 2153 1774 2204 et
1818 2163 1928 2224 ego
1975 2145 2297 2207 iracundus
2354 2165 2519 2222 sum,
2566 2154 2628 2208 et
2672 2156 2737 2206 20

456 2240 520 2293 tu
565 2231 947 2294 libidinosus:
1002 2231 1164 2307 vide,
1211 2250 1387 2311 quam
1446 2250 1565 2292 non
1614 2230 1930 2292 conveniat
1972 2230 2063 2293 his
2108 2230 2390 2294 moribus.
2480 2240 2625 2313 puta

455 2318 636 2397 igitur
664 2337 759 2378 me
789 2319 1078 2380 furiosum
1127 2338 1287 2392 esse,
1335 2319 1480 2380 cede
1511 2317 1806 2391 insaniae,
1853 2317 1910 2376 id
1957 2324 2046 2377 est
2089 2316 2256 2378 ocius
2300 2319 2458 2380 foras
2489 2318 2622 2380 exi’.

457 2400 465 2483 Ι
516 2405 802 2465 confusus
841 2404 951 2465 hac
994 2404 1445 2465 denuntiatione
1475 2402 1804 2481 Eumolpus
1848 2421 1971 2462 non
2004 2402 2255 2480 quaesiit
2282 2403 2623 2466 iracundiae
2650 2412 2697 2463 L

453 2506 718 2563 causam,
777 2490 879 2551 sed
938 2490 1224 2550 continuo
1284 2489 1463 2549 limen
1514 2505 1785 2566 egressus
1828 2488 2069 2549 adduxit
2113 2498 2360 2566 repente
2405 2490 2624 2551 ostium

456 2574 637 2635 cellae
668 2592 882 2652 meque
914 2573 1061 2634 nihil
1093 2574 1206 2634 tale
1252 2582 1660 2654 expectantem
1707 2572 1979 2647 inclusit,
2026 2573 2362 2653 exemitque
2407 2576 2626 2655 raptim
2672 2588 2730 2638 25

454 2658 674 2721 clavem
710 2666 770 2719 et
799 2658 867 2718 ad
901 2658 1114 2719 Gitona
1145 2659 1619 2738 investigandum
1651 2657 1933 2719 cucurrit.

625 2743 893 2804 inclusus
922 2761 1033 2821 ego
1064 2743 1385 2824 suspendio
1429 2744 1603 2804 vitam
1636 2744 1809 2805 finire
1840 2742 2142 2805 constitui.
2202 2752 2262 2804 et
2300 2744 2413 2804 iam
2444 2744 2626 2806 semi-

457 2828 675 2888 cinctio
708 2828 840 2889 lecti
864 2828 1076 2889 stantis
1116 2828 1184 2888 ad
1232 2829 1516 2908 parietem
1564 2829 1853 2908 spondam
1897 2828 2198 2889 vinxeram
2245 2829 2625 2908 cervicesque

457 2912 615 2973 nodo
648 2912 998 2987 condebam,
1031 2932 1167 2974 cum
1197 2915 1472 2976 reseratis
1500 2913 1729 2975 foribus
1769 2914 1951 2975 intrat
1979 2912 2309 2994 Eumolpus
2353 2934 2489 2975 cum
2521 2915 2625 2976 Gi-

456 3006 599 3058 tone
628 3016 842 3077 meque
874 3016 906 3058 a
936 2998 1094 3059 fatali
1124 3000 1237 3060 iam
1269 3011 1426 3060 meta
1451 3006 1689 3060 revocat
1717 2999 1788 3059 ad
1818 2999 2032 3060 lucem.
2095 2998 2272 3060 Giton
2304 3000 2627 3080 praecipue
2670 3014 2728 3065 30

458 3101 528 3143 ex
560 3083 764 3144 dolore
797 3084 858 3144 in
890 3083 1111 3145 rabiem
1145 3086 1423 3147 efferatus
1453 3085 1608 3146 tollit
1636 3085 1954 3146 clamorem
1974 3131 1990 3160 ,
2020 3102 2114 3144 me
2156 3094 2410 3165 utraque
2441 3104 2625 3147 manu

456 3168 776 3248 impulsum
823 3170 1173 3249 praecipitat
1216 3189 1398 3251 super
1442 3171 1693 3245 lectum,
1741 3170 1941 3231 ‘erras’
1984 3169 2182 3247 inquit
2219 3169 2527 3252 ‘Encolpi,
2575 3172 2625 3233 si

457 3264 631 3334 putas
675 3255 1029 3334 contingere
1073 3275 1278 3336 posse,
1326 3266 1392 3317 ut
1435 3264 1573 3317 ante
1616 3273 1708 3318 me
1752 3255 2041 3317 moriaris.
2102 3255 2267 3335 prior
2312 3256 2513 3335 coepi;
2561 3257 2622 3317 in

454 3339 676 3420 Ascylti
705 3340 963 3420 hospitio
997 3341 1253 3419 gladium
1288 3341 1567 3420 quaesivi.
1614 3360 1725 3420 ego
1756 3341 1804 3402 si
1834 3350 1893 3402 te
1925 3360 2048 3401 non
2072 3340 2452 3415 invenissem,
2483 3360 2625 3421 per-

453 3424 648 3487 iturus
679 3444 789 3504 per
818 3427 1162 3505 praecipitia
1194 3427 1297 3487 fui.
1359 3436 1417 3488 et
1461 3435 1527 3488 ut
1569 3427 1717 3487 scias
1762 3446 1885 3489 non
1932 3426 2110 3505 longe
2156 3444 2285 3488 esse
2329 3444 2628 3505 quaeren-
2668 3438 2724 3489 35

456 3510 616 3571 tibus
645 3519 917 3586 mortem,
949 3521 1151 3592 specta
1196 3512 1468 3586 invicem,
1503 3511 1659 3591 quod
1706 3519 1801 3572 me
1844 3521 2113 3591 spectare
2142 3511 2417 3573 voluisti'.
2478 3511 2624 3574 haec

380 3662 388 3667 ,
456 3593 690 3657 locutus
721 3597 1135 3658 mercennario
1167 3596 1443 3677 Eumolpi
1477 3597 1822 3658 novaculam
1865 3598 2022 3677 rapit
2051 3604 2111 3658 et
2151 3597 2335 3659 semel
2378 3597 2623 3659 iterum·

454 3697 574 3757 que
605 3681 832 3742 cervice
863 3701 1143 3761 percussa
1174 3693 1311 3744 ante
1342 3683 1525 3764 pedes
1555 3681 1871 3744 collabitur
1895 3692 2151 3745 nostros.
2212 3683 2476 3744 exclamo
2509 3703 2621 3763 ego

633 3902 657 3950 1
698 3903 918 3964 eoepecto
966 3902 1016 3952 te
1052 3899 1311 3964 olfecerit,
1359 3904 1621 3952 momento
1670 3903 1832 3952 totam
1871 3901 1891 3968 {l
1937 3904 1967 3954 3
2018 3899 2198 3952 eodem
2236 3915 2358 3952 casu
2394 3900 2623 3967 Segeba-

454 3967 579 4017 dius
609 3966 627 4032 ΙΙ
665 3969 696 4019 9
725 3970 1096 4033 praepositum
1131 3968 1411 4035 Eumolpus
1450 3967 1512 4019 ad
1548 3967 1786 4021 Gitonem
1827 3969 1848 4037 ΙΙ
1895 3972 1959 4023 16
1995 3984 2111 4020 eum
2148 3986 2250 4022 om.
2301 3969 2428 4020 libri
2459 3971 2624 4035 pleri-

456 4050 560 4099 que
584 4034 603 4101 ΙΙ
630 4037 695 4087 30
734 4036 940 4088 tramite
975 4036 1198 4088 Iahnius
1222 4037 1242 4105 ΙΙ
1268 4039 1328 4089 31
1367 4034 1599 4096 fortasse
1635 4036 1860 4104 dumque
1895 4052 1977 4089 me
