2881 4580
356 290 479 352 152
1305 293 1598 348 CARMINA

441 475 497 528 15
585 465 684 528 ille
715 465 1150 528 Pelethroniam
1182 468 1403 530 cecinit
1431 467 1766 530 miserabile
1798 487 2039 532 carmen

661 551 731 613 ad
762 551 1066 628 citharam,
1097 551 1317 615 cithara
1348 553 1579 615 tensior
1609 554 1735 635 ipse
1765 572 1891 615 sua.

585 636 799 698 nobilis
828 636 971 699 hinc
1002 645 1135 698 nata
1166 656 1384 718 nempe
1415 639 1626 718 incipit
1654 638 1788 700 Ilias
1817 640 1922 714 ira,

659 721 1020 803 principium
1051 723 1206 785 sacri
1229 724 1510 786 carminis
1540 724 1636 786 illa
1666 724 1798 785 fuit.

581 808 758 870 altera
791 808 1032 870 materia
1064 817 1152 870 est
1181 827 1352 870 error
1380 809 1639 871 fallentis
1668 809 1849 884 Vlixi3

438 901 497 954 20
653 893 699 955 si
732 911 934 954 verum
967 911 1199 973 queras,
1230 895 1394 956 hunc
1422 912 1664 974 quoque
1694 896 1876 957 movit
1904 914 2087 958 amor.

582 977 678 1039 hic
708 978 922 1058 legitur
952 979 1135 1051 radix,
1166 979 1239 1041 de
1269 998 1386 1059 qua
1417 981 1527 1042 flos
1556 998 1773 1043 aureus
1803 981 1940 1056 exit,

660 1082 834 1143 quam
865 1082 1002 1125 cum
1030 1063 1215 1144 μῶλυ
1245 1073 1434 1143 vocat,
1469 1066 1730 1127 mentula
1760 1064 1946 1146 μῶλυ
1971 1067 2105 1128 suit.

578 1147 675 1209 hic
704 1149 955 1228 legimus
984 1148 1192 1211 Circen
1223 1150 1734 1229 Atlantiademque
1765 1151 2055 1233 Calypsun

659 1234 901 1313 grandia
934 1234 1186 1296 Dulichii
1216 1254 1348 1298 vasa
1378 1236 1598 1316 petisse
1626 1235 1754 1297 viri.

438 1327 496 1379 25
580 1319 755 1381 huius
785 1327 846 1381 et
874 1319 1105 1382 Alcinoi
1135 1321 1343 1382 mirata
1374 1330 1466 1384 est
1494 1320 1610 1382 filia
1638 1320 1971 1384 membrum

658 1404 963 1466 frondenti
993 1423 1156 1466 ramo
1187 1406 1282 1467 vix
1311 1406 1575 1488 potuisse
1604 1407 1743 1485 tegi.

581 1488 655 1550 ad
684 1490 936 1551 vetulam
967 1500 1162 1552 tamen
1194 1491 1292 1553 ille
1321 1510 1489 1554 suam
1519 1490 1895 1572 properabat,
1927 1500 1986 1554 et
2010 1493 2215 1554 omnis
2307 1499 2312 1503 '

660 1593 830 1637 mens
860 1583 985 1637 erat
1013 1576 1073 1637 in
1106 1594 1330 1651 cunno,
1363 1578 1717 1656 Penelopea,
1749 1586 1886 1639 tuo:

582 1677 732 1740 quae
762 1660 848 1722 sic
877 1668 1035 1723 casta
1063 1678 1288 1735 manes,
1321 1670 1387 1724 ut
1415 1662 1528 1724 iam
1560 1662 1825 1724 convivia
1855 1662 2004 1724 visas

438 1754 499 1806 30
656 1752 840 1824 utque
869 1747 1199 1807 fututorum
1231 1747 1308 1808 sit
1337 1756 1440 1808 tua
1470 1748 1648 1828 plena
1679 1748 1908 1809 domus.

583 1850 616 1891 e
646 1830 862 1909 quibus
892 1839 959 1892 ut
986 1831 1171 1893 scires
1202 1831 1547 1911 quicunque
1575 1832 1867 1894 valentior
1896 1841 2069 1906 esset,

661 1916 807 1977 haec
837 1933 901 1978 es
929 1916 1000 1976 ad
1032 1926 1294 1979 arrectos
1321 1916 1501 1979 verba
1530 1919 1727 1980 locuta
1757 1936 2004 1999 procos:

583 2004 780 2061 ‘nemo
810 2018 944 2062 meo
975 2001 1187 2064 melius
1219 2021 1468 2064 nervum
1502 2003 1782 2065 tendebat
1812 2004 1995 2076 Vlixe,

659 2084 779 2147 sive
810 2085 892 2147 illi
921 2086 1167 2148 laterum
1202 2088 1322 2149 sive
1352 2097 1480 2149 erat
1507 2089 1648 2150 artis
1678 2107 1848 2169 opus,

437 2179 496 2231 35
582 2171 684 2251 qui
714 2170 995 2250 quoniam
1025 2172 1218 2252 periit,
1247 2192 1352 2235 vos
1384 2193 1547 2235 nunc
1577 2174 1884 2247 intendite,
1917 2173 2155 2252 qualem

662 2275 790 2320 esse
819 2256 1008 2320 virum
1038 2257 1249 2334 sciero,
1281 2259 1370 2321 vir
1397 2259 1475 2322 sit
1504 2268 1572 2321 ut
1601 2258 1696 2321 ille
1727 2257 1932 2322 meus?

580 2342 691 2404 hac
722 2359 851 2433 ego,
884 2343 1201 2425 Penelope,
1233 2344 1402 2424 potui
1433 2344 1542 2406 tibi
1571 2345 1700 2424 lege
1731 2346 1982 2425 placere,

657 2428 757 2490 illo
789 2428 890 2491 sed
924 2428 1192 2492 nondum
1222 2439 1492 2510 tempore
1522 2432 1708 2492 sactus
1740 2449 1919 2492 eram.

1303 2598 1563 2660 vallll

585 2700 732 2762 Cum
761 2700 858 2761 fici
888 2699 997 2761 tibi
1029 2701 1280 2763 suavitas
1310 2699 1536 2762 subibit

583 2793 643 2846 et
670 2785 783 2846 iam
813 2785 1122 2865 porrigere
1151 2787 1269 2847 huc
1298 2803 1540 2848 manum
1571 2784 1795 2861 libebit,

581 2870 651 2931 ad
682 2887 777 2931 me
807 2871 1055 2950 respice,
1087 2872 1203 2944 sur,
1235 2881 1293 2932 et
1319 2871 1642 2945 aestimato,

580 2964 728 3033 quot
757 2956 957 3035 pondo
989 2964 1079 3018 est
1106 2954 1214 3017 tibi
1241 2956 1561 3019 mentulam
1593 2955 1937 3017 cacandum.

582 3207 770 3270 Illusit
798 3208 941 3270 mihi
971 3227 1198 3289 pauper
1227 3209 1585 3290 inquilinus:

581 3311 715 3354 cum
744 3293 930 3357 libum
962 3295 1204 3356 dederat
1232 3296 1507 3374 molaque
1536 3296 1665 3357 fusa

581 3380 886 3458 quadram,
916 3379 1188 3460 partibus
1219 3380 1430 3442 abditis
1459 3380 1519 3440 in
1553 3380 1772 3459 ignem,

579 3483 749 3526 sacro
780 3465 1056 3545 protinus
1085 3465 1228 3526 hinc
1257 3465 1377 3527 abit
1405 3474 1668 3544 peracto.

468 3557 498 3608 5
582 3549 760 3611 vicini
790 3551 952 3613 canis
982 3551 1099 3612 huc
1129 3549 1382 3612 subinde
1414 3550 1574 3611 venit

587 3634 875 3711 nidorem,
907 3645 1073 3716 puto,
1105 3644 1417 3716 persecuta
1448 3635 1613 3711 fumi,

527 3849 720 3902 LXVIII
744 3854 808 3904 18
834 3852 903 3904 ile
921 3854 1280 3906 Baehremius
1308 3854 1317 3922 Ι
1350 3857 1410 3908 21
1454 3854 1649 3907 lacteus
1676 3854 1924 3921 Scaliger
1953 3854 1962 3921 Ι
1994 3856 2059 3908 22
2096 3869 2248 3922 quem
2279 3857 2288 3918 1
2323 3856 2386 3908 31
2430 3857 2527 3922 qui

275 3987 278 3989 ‚
355 3931 561 3985 quoque
588 3919 649 3971 L.
674 3919 964 3972 Muellerus
992 3921 1002 3990 Ι
1033 3925 1100 3976 34
1136 3936 1227 3975 seu
1263 3922 1359 3974 suit
1395 3923 1497 3975 alii
1525 3923 1535 3989 Ι
1566 3925 1630 3976 38
1666 3927 1818 3975 natus
1854 3924 2071 3990 quidam
2102 3924 2111 3991 Ι
2143 3922 2270 3974 Lxx
2311 3924 2340 3975 2
2378 3925 2536 3990 cum}

358 3985 446 4052 qui
483 3986 669 4052 volgo,
716 3988 859 4039 unde
897 3992 1057 4054 prius
1095 3993 1427 4043 coniecerant
1466 3992 1554 4058 qui
1591 4006 1707 4044 cum
1744 3991 1852 4044 libo
1888 3991 2063 4044 aderat
2098 3990 2339 4059 molaque
2377 3991 2531 4044 salsa

357 4067 572 4119 quorum
602 4054 612 4123 Ι
642 4056 672 4106 3
712 4070 924 4122 quarum
953 4056 965 4125 Ι
995 4059 1026 4110 6
1061 4063 1330 4124 prosecuta
1363 4075 1535 4125 paene
1570 4075 1745 4111 omnes
