2881 4580
529 275 605 333 16
1440 273 1746 328 PETRONII

1586 468 1620 506 *

698 540 1015 610 operuerat
1044 533 1311 612 Ascyltos
1354 532 1532 612 pallio
1562 542 1772 612 caput,
1817 532 2154 595 admonitus
2183 533 2405 596 scilicet
2434 533 2673 614 pericu·
2699 533 2753 586 L

528 615 721 677 losum
754 634 913 690 esse,
945 617 1151 679 alienis
1180 617 1540 678 intervenire
1571 617 1815 679 secretis

1586 723 1620 761 *

699 786 842 847 duas
889 787 1116 848 institas
1160 787 1369 847 ancilla
1414 788 1662 866 protulit
1705 787 1777 848 de
1821 787 1953 848 sinu
1999 787 2300 868 alteraque
2333 788 2514 868 pedes
2560 807 2673 849 no-

528 878 686 932 stros
715 871 985 950 alligavit,
1017 872 1196 933 altera
1225 889 1437 933 manus

1591 977 1624 1015 *

707 1041 972 1122 Ascyltos
1000 1042 1113 1102 iam
1144 1042 1455 1104 deficiente
1498 1040 1826 1103 fabularum
1859 1050 2141 1104 contextu
2174 1040 2375 1122 ‘quid?
2421 1043 2552 1120 ego’
2584 1045 2682 1105 in-
2733 1042 2766 1091 5

530 1125 661 1204 quit
705 1131 846 1187 ‘non
906 1144 1037 1188 sum
1095 1128 1308 1207 dignus
1366 1127 1467 1207 qui
1529 1125 1784 1188 bibam?'
1843 1127 2054 1188 ancilla
2098 1129 2221 1190 risu
2265 1147 2398 1188 meo
2445 1129 2681 1208 prodita

532 1211 848 1290 complosit
878 1230 1085 1273 manus
1116 1224 1174 1273 et
1204 1211 1473 1292 ‘apposui
1506 1213 1741 1291 quidem
1776 1233 1808 1271 ια
1841 1213 2215 1287 adulescens,
2259 1213 2420 1276 solus
2448 1222 2683 1275 tantum

532 1296 1027 1358 medicamentum
1057 1297 1292 1359 ebibisti
1307 1296 1356 1358 ‘2’
1419 1297 1594 1358 ‘itane
1627 1305 1716 1358 est
1729 1295 1777 1357 ‘I'
1837 1298 2033 1375 inquit
2063 1298 2344 1368 Quartilla
2375 1298 2677 1378 ‘quicquid

530 1382 749 1444 saturei
779 1383 908 1455 suit,
940 1383 1266 1462 Encolpius
1296 1382 1481 1443 ebibit
1497 1380 1545 1443 ‘2’

1592 1488 1626 1526 *

706 1571 829 1613 non
863 1553 1165 1614 indecenti
1194 1553 1317 1614 risu
1347 1553 1528 1613 latera
1558 1552 1874 1613 commovit
2733 1572 2798 1623 10

1592 1658 1624 1696 *

703 1720 712 1799 Ι
751 1739 820 1783 ac
852 1740 925 1783 ne
951 1722 1125 1783 Giton
1160 1723 1394 1802 quidem
1427 1721 1633 1783 ultimo
1665 1722 1850 1784 risum
1881 1722 2099 1795 tenuit,
2132 1723 2337 1801 utique
2367 1729 2797 1802 postquamLO

538 1804 883 1883 virguncula
928 1808 1215 1868 cervicem
1252 1808 1377 1868 eius
1406 1807 1616 1869 invasit
1647 1816 1704 1869 et
1735 1827 1856 1868 non
1890 1809 2249 1887 repugnanti
2278 1826 2465 1887 puero
2497 1808 2681 1869 innu-

539 1889 841 1953 merabilia
874 1892 1073 1954 oscula
1104 1892 1263 1954 dedit

1593 1998 1627 2036 *

435 2065 519 2127 21
706 2060 715 2141 Ι
756 2061 1092 2123 volebamus
1121 2061 1322 2123 miseri
1352 2061 1703 2135 exclamare,
1750 2062 1851 2123 sed
1885 2080 1997 2122 nec
2027 2060 2087 2122 in
2120 2062 2334 2123 auxilio
2364 2071 2489 2122 erat
2519 2062 2684 2140 quis·
2710 2062 2760 2112 L

543 2164 734 2224 quam,
768 2154 828 2207 et
858 2147 995 2208 hinc
1028 2147 1249 2226 Psyche
1279 2166 1386 2209 acu
1420 2147 1738 2208 comatoria
1769 2147 2030 2226 cupienti
2061 2147 2202 2207 mihi
2235 2147 2509 2208 invocare
2535 2147 2685 2218 Qui·
2739 2160 2797 2209 15

541 2231 718 2294 ritum
749 2233 923 2294 fidem
950 2233 1129 2295 malas
1155 2232 1470 2313 pungebat,
1495 2232 1656 2293 illinc
1679 2233 1872 2313 puella
1896 2231 2192 2312 penicillo,
2224 2233 2382 2311 quod
2408 2240 2467 2294 et
2488 2232 2684 2314 ipsum

541 2327 776 2380 satureo
809 2319 1094 2393 tinxerat,
1128 2319 1404 2399 Ascylton
1439 2317 1812 2398 opprimebat

1603 2423 1636 2461 *

716 2488 920 2549 ultimo
952 2489 1231 2549 cinaedus
1259 2489 1602 2567 supervenit
1632 2497 1853 2569 myrtea
1885 2487 2244 2550 subornatus
2272 2505 2525 2568 gausapa
2557 2488 2685 2549 cin-

545 2573 802 2653 guloque
834 2575 1171 2635 succinctus

716 2658 888 2718 modo
930 2658 1171 2718 extortis
1201 2676 1313 2718 nos
1343 2657 1617 2718 clunibus
1647 2656 1891 2733 cecidit,
1937 2659 2113 2719 modo
2145 2657 2321 2719 basiis
2353 2656 2687 2719 olidissimis
2735 2671 2797 2721 20

546 2743 904 2821 inquinavit,
952 2744 1142 2802 donec
1172 2742 1459 2813 Quartilla
1505 2742 1929 2803 balaenaceam⁴
1957 2753 2170 2805 tenens
2198 2743 2420 2822 virgam
2450 2743 2685 2822 alteque

542 2827 845 2888 succincta
875 2827 1043 2888 iussit
1072 2827 1404 2889 infelicibus
1433 2828 1557 2888 dari
1588 2828 1927 2889 missionem

1597 2934 1631 2972 *

717 3004 966 3075 uterque
1011 3006 1280 3058 nostrum
1325 2997 1780 3077 religiosissimis
1824 2996 2032 3059 iuravit
2073 2997 2295 3069 verbiS‚
2343 2995 2502 3057 inter
2537 2996 2686 3058 duos

454 3125 457 3130 ι
545 3082 874 3161 periturum
906 3101 1033 3143 esse
1063 3092 1181 3143 tam
1211 3082 1494 3144 horribile
1525 3093 1817 3145 secretum

1606 3188 1639 3225 *

714 3252 1085 3313 intraverunt
1127 3252 1494 3333 palaestritae
1526 3252 1860 3332 complures
1892 3262 1950 3312 et
1981 3269 2090 3312 nos
2120 3250 2379 3330 legitimo
2413 3251 2688 3329 perfusos
2738 3266 2797 3315 25

545 3338 678 3399 oleo
709 3339 1066 3399 refecerunt.
1126 3348 1431 3417 utcunque
1463 3356 1605 3416 ergo
1636 3337 1975 3399 lassitudine
2004 3335 2228 3396 abiecta
2259 3335 2556 3396 cenatoria
2588 3354 2689 3396 re-

546 3424 801 3503 petimus
846 3431 905 3484 et
951 3423 1013 3483 in
1059 3424 1386 3503 proximam
1432 3423 1638 3483 cellam
1683 3423 1841 3484 ducti
1872 3439 2106 3493 sumus,
2152 3421 2213 3482 in
2253 3439 2367 3499 qua
2398 3429 2521 3482 tres
2550 3421 2691 3482 lecti

543 3509 711 3570 strati
758 3517 927 3569 erant
971 3516 1029 3569 et
1059 3509 1321 3588 reliquus
1353 3508 1708 3570 lautitiarum
1741 3516 2054 3586 apparatus
2083 3505 2552 3585 splendidissime
2584 3525 2690 3567 ex-

717 3644 747 3693 5
785 3643 952 3710 ergon
978 3646 1007 3695 7
1046 3642 1287 3708 apposuit
1315 3641 1324 3709 Ι
1358 3647 1525 3694 tamen
1566 3641 1950 3706 Scaliger-anus
1973 3640 1993 3707 ΙΙ
2021 3642 2051 3693 8
2088 3641 2174 3690 hic
2209 3637 2485 3705 Encolpius
2523 3638 2692 3690 ebibit

542 3708 929 3761 conlocandum
965 3727 1072 3760 esse
1096 3714 1149 3760 et
1171 3713 1201 3763 9
1228 3710 1431 3762 ebibisti
1452 3710 1757 3761 Strele'tze‘m
1780 3712 1954 3759 censet
1981 3710 1990 3775 Ι
2021 3708 2070 3758 in
2097 3708 2227 3760 libro
2252 3705 2394 3757 Xllll.
2422 3706 2508 3757 ubi
2530 3705 2695 3767 Quar-

547 3776 659 3828 tilla
684 3776 981 3844 interposita
1000 3778 1194 3830 Ascilto
1216 3784 1267 3830 et
1287 3778 1532 3844 Encolpio
1553 3778 1819 3845 propinato
1839 3778 2020 3828 iterum
2047 3775 2132 3827 illa
2158 3782 2300 3840 parte
2327 3776 2693 3841 [expectabam

548 3845 785 3912 propinat
810 3851 861 3898 et
886 3847 1003 3899 buic
1022 3845 1205 3898 ancilla
1227 3850 1442 3913 partem]
1463 3845 1640 3898 Ascilti
1664 3846 1837 3897 tribuit
1854 3844 1919 3896 ad
1938 3844 2232 3912 potandum.
2270 3843 2402 3896 unde
2439 3844 2511 3894 ait
2530 3841 2693 3903 Quar-

548 3912 657 3965 tilla
683 3914 944 3981 ‘quicquid
968 3915 1139 3967 satirei
1167 3915 1277 3978 ruit,
1304 3915 1578 3981 Encolpius
1603 3914 1811 3966 ebibit?
1857 3913 2145 3978 adscripsit
2177 3912 2532 3978 interpolator
2553 3910 2692 3962 Ful-

535 3984 718 4116 {esuum
754 3984 921 4034 verbis
955 3986 1031 4034 eis
1066 3999 1201 4049 quac
1235 3986 1294 4034 in
1328 3981 1531 4044 fr.V1!
1555 3985 1715 4051 posui
1747 3984 1806 4032 in
1842 3981 2024 4032 codice
2047 3982 2291 4032 Parisino
2319 3981 2453 4033 7975
2487 3981 2695 4031 saeculi

693 4052 753 4103 18
792 4052 1036 4119 gausapia
