2881 4580
470 294 590 355 192
1369 292 1698 348 VARRONIS

338 565 424 617 286
683 555 888 616 eodem
923 553 1245 615 coniecisse
1277 466 1746 614 megvnliliiaffiila
1784 553 1990 615 nescio
2018 570 2168 633 quae

1350 671 1560 732 XVIIII
1599 673 1729 752 (10)

337 786 424 839 287
681 776 825 837 haec
856 775 916 836 in
953 792 1102 835 aeno
1133 774 1224 836 bis
1254 785 1415 836 terve
1449 774 1804 836 tudiculasse

1341 939 1748 994 MARCOPOLIS

1341 1049 1504 1114 περὶ
1536 1040 1738 1115 ἀρχῆς

340 1245 427 1298 288
874 1233 1097 1295 nemini
1126 1233 1391 1295 Fortuna
1421 1148 1663 1295 cdrffiin
1699 1254 1731 1295 a
1762 1239 1998 1295 carcere
2030 1232 2237 1295 intimo
2270 1234 2514 1293 missum

880 1319 998 1380 labi
1027 1319 1384 1381 inoffensum
1413 1338 1523 1400 per
1552 1338 1726 1381 aecor
1755 1319 2067 1381 candidum
2100 1319 2169 1379 ad
2202 1318 2423 1380 calcem
2452 1317 2596 1379 sivit

1466 1437 1517 1498 11
1572 1440 1609 1500 2

346 1552 432 1604 289
968 1545 1175 1602 natura
1207 1540 1482 1602 humanis
1513 1441 1708 1602 oiniiia
1739 1549 1881 1602 sunt
1909 1541 2100 1620 paria:

886 1627 987 1705 qui
1016 1636 1175 1706 pote,
1206 1625 1340 1706 plus
1370 1636 1559 1705 urget,
1589 1626 1767 1706 piscis
1798 1635 1863 1687 ut
1891 1643 2065 1706 saepe
2096 1624 2357 1685 minutos

967 1711 1207 1791 magnu’
1239 1720 1483 1784 comest,
1516 1719 1581 1771 ut
1609 1712 1729 1773 avis
1761 1711 1954 1773 enicat
1984 1710 2263 1790 accipiter

1447 1829 1528 1890 111
1586 1835 1623 1893 4

345 1943 432 1994 290
688 1949 898 1994 sensus
928 1941 1156 2011 portae,
1189 1950 1369 1995 venae
1400 1831 1813 2013 hydrdgdgiae,
1845 1932 2074 1993 clovaca
2107 1930 2375 1992 intestini

1440 2050 1549 2112 1111
1580 2052 1666 2128 (1)

346 2164 430 2215 291
688 2153 783 2215 cui
814 2152 970 2215 celer
998 2153 1695 2233 Dienoslemmatoslogos
1726 2153 2019 2233 Antipatri
2050 2150 2233 2214 Stoici
2273 2152 2429 2213 filius
2459 2159 2637 2212 rutro

484 2247 660 2320 caput
686 2238 978 2320 displanat

1480 2324 1524 2383 V
1557 2326 1648 2403 (5)

350 2438 437 2489 292
693 2426 1048 2488 noctilucam
1081 2426 1241 2502 tollo,
1274 2426 1344 2487 ad
1376 2429 1576 2489 focum
1609 2427 1756 2501 fero,
1781 2426 1944 2501 inno,
1976 2425 2170 2487 anima
2201 2425 2495 2488 reviviscit

1398 2590 1726 2646 MELEAGRI

1489 2697 1512 2757 ¹
1544 2699 1633 2774 (8)

352 2811 438 2863 293
891 2809 993 2860 aut
1024 2800 1139 2874 ille,
1171 2817 1410 2861 cervum
1440 2805 1543 2879 qui
1573 2799 1791 2861 volatili
1822 2817 2073 2861 currens

891 2902 1066 2965 sparo
1097 2894 1336 2947 secutus
1364 2885 1662 2966 tragulave
1693 2885 1920 2947 traiecit

1479 3005 1531 3066 11
1563 3007 1649 3083 (3)

353 3118 438 3170 294
699 3122 942 3166 currere
984 3105 1221 3185 vigilare
1273 3106 1530 3181 esurire,
1583 3106 1892 3186 ecquando
1924 3107 2069 3169 haec
2123 3107 2316 3167 facere
2359 3104 2644 3186 oportet?

491 3207 665 3268 quam
695 3189 767 3251 ad
798 3188 1022 3252 finem?

1470 3293 1550 3354 111
1581 3295 1668 3372 (1)

354 3407 441 3458 295
696 3414 950 3477 quaero,
997 3404 1197 3457 utrum
1239 3396 1491 3458 fructuis
1520 3415 1599 3491 an
1642 3396 2049 3458 delectationis
2092 3394 2309 3457 causa?
2371 3398 2646 3467 fructuis,

492 3493 557 3546 ut
585 3481 848 3546 vendatis

660 3653 760 3704 286
787 3649 855 3701 Ν.
873 3665 926 3716 p.
947 3650 1048 3700 344
1066 3663 1259 3700 merum
1290 3648 1298 3714 Ι
1330 3662 1429 3714 qua
1464 3647 1707 3713 plerique
1741 3649 1870 3699 libri
1893 3647 1912 3716 ΙΙ
1939 3649 2036 3701 287
2062 3647 2131 3700 Ν.
2147 3664 2201 3714 p.
2235 3651 2333 3702 178
2360 3649 2648 3704 tudicnlare

660 3721 760 3771 288
795 3717 863 3769 N.
895 3732 949 3783 p.
979 3719 1078 3770 199
1115 3716 1228 3769 calx
1254 3715 1274 3785 ΙΙ
1299 3718 1398 3770 289
1434 3714 1501 3768 Ν.
1529 3732 1588 3782 p.
1616 3718 1675 3769 81
1716 3721 1913 3769 comest
1937 3716 1957 3783 ΙΙ
1984 3717 2082 3769 290
2117 3716 2187 3769 Ν.
2215 3731 2272 3783 p.
2310 3719 2411 3772 209
2447 3720 2651 3773 intesti-

494 3800 613 3837 num
644 3787 652 3853 Ι
682 3788 884 3838 rectius
907 3784 1113 3837 cloacae
1136 3783 1156 3853 ΙΙ
1185 3787 1281 3839 291
1304 3784 1371 3837 N.
1381 3800 1442 3850 p.
1472 3786 1533 3839 18
1570 3790 1763 3837 rutrum
1789 3784 1810 3852 ΙΙ
1836 3787 1935 3838 292
1958 3784 2027 3837 Ν.
2050 3801 2105 3852 p.
2131 3787 2253 3851 234χ
2267 3786 2435 3855 anima
2462 3792 2650 3841 ventus

496 3854 640 3905 undo
674 3853 845 3904 Italus
879 3853 1077 3918 aliquis
1110 3853 1235 3906 inflo
1272 3855 1490 3905 animam

666 3922 766 3975 293
801 3919 868 3970 Ν.
886 3936 940 3985 p.
963 3924 1062 3974 553
1098 3923 1296 3989 tragula
1332 3927 1386 3972 et
1403 3936 1458 3987 p.
1481 3923 1579 3974 555
1604 3934 1808 3988 sparum
1841 3920 1850 3984 Ι
1879 3920 2105 3974 volabile
2138 3924 2458 3990 utrobique.-
2507 3925 2652 3977 vola-

493 3989 633 4042 tilem
671 3990 858 4040 Iunius
887 3991 896 4055 Ι
925 3988 1095 4039 traicit
1135 3989 1155 4056 ΙΙ
1197 3992 1297 4042 294
1333 3989 1402 4040 Ν.
1433 4006 1489 4056 p.
1526 3991 1625 4041 205
1662 3988 1816 4041 finem
1858 3987 1879 4058 fl
1915 3991 2015 4041 295
2051 3988 2120 4041 Ν.
2148 4006 2207 4056 p.
2242 3994 2342 4044 492
2381 3992 2600 4046 fructuis
2639 3995 2648 4062 Ι

494 4072 644 4110 causa
683 4055 894 4108 fruetuis
931 4055 1066 4106 liber
1099 4060 1360 4123 optimus.-
1413 4057 1814 4110 causastructuis
1851 4060 2044 4123 ceter-i,
2079 4059 2123 4110 si
2159 4061 2389 4112 inseruit
2423 4059 2652 4115 stockim
