2881 4580
261 1444 379 1507 118

290 3479 409 3540 119

412 251 504 309 84.
1328 250 1637 304 PETRONII

586 422 678 484 bis
723 423 799 484 ita
846 422 1164 495 ordinatis,
1211 422 1391 501 ‘quod
1434 422 1591 485 bene
1635 424 2004 503 feliciterque
2035 419 2315 484 eveniret’
2345 421 2642 501 precatiL

417 509 561 570 deos
605 508 755 568 viam
799 508 1188 586 ingredimur.
1248 508 1348 569 sed
1395 526 1593 586 neque
1625 509 1801 570 Giton
1847 508 1958 569 sub
2003 508 2243 569 insolito
2271 508 2432 569 fasce
2463 506 2577 567 du-

416 593 616 666 rabat,
647 601 708 653 et
736 594 1187 655 mercennarius
1217 593 1436 667 Corax,
1470 594 1828 654 detrectator
1858 593 2202 666 ministerii,
2234 592 2423 670 posita
2456 592 2578 651 fre-

419 678 700 757 quentius
759 678 988 740 sarcina
1039 678 1191 740 male
1236 677 1470 739 dicebat
1511 677 1975 758 properantibus
2017 676 2471 755 affirmabatque
2516 694 2580 737 se

421 772 522 825 aut
564 763 968 842 proiecturum
1013 763 1274 824 sarcinas
1317 772 1420 824 aut
1462 781 1597 824 cum
1644 781 1828 824 onere
1860 763 2206 841 fugiturum.
2263 761 2429 841 ‘quid
2458 760 2582 822 vos’
2624 772 2655 820 5

421 848 617 927 inquit
639 848 990 910 ‘iumentum
1020 866 1114 908 me
1141 848 1359 927 putatis
1389 866 1519 909 esse
1549 856 1651 909 aut
1672 847 2013 927 lapidariam
2038 845 2290 909 navem?
2321 845 2585 908 hominis

422 951 633 1014 operas
665 933 868 1007 locavi,
901 952 1023 994 non
1057 932 1281 993 caballi.
1330 951 1445 993 nec
1475 933 1674 995 minus
1704 931 1857 993 liber
1885 950 2017 995 sum
2049 950 2226 1011 quam
2249 950 2372 1005 voS,
2405 930 2585 992 etiam

423 1019 470 1080 si
504 1036 825 1099 pauperem
857 1028 1026 1097 pater
1055 1036 1149 1078 me
1181 1017 1457 1096 reliquit.'
1505 1037 1615 1079 nec
1646 1025 1970 1080 contentus
1993 1017 2315 1078 maledictis
2335 1015 2587 1077 tollebat

424 1103 676 1167 subinde
705 1103 877 1164 altius
907 1102 1116 1182 pedem
1148 1111 1208 1163 et
1236 1103 1488 1182 strepitu
1521 1104 1782 1165 obsceno
1814 1103 1988 1164 simul
2018 1111 2194 1180 atque
2226 1103 2409 1163 odore
2431 1101 2587 1161 viam

426 1187 725 1267 implebat.
785 1188 1012 1249 ridebat
1055 1188 1492 1250 contumaciam
1523 1188 1701 1249 Giton
1749 1196 1809 1248 et
1850 1187 2119 1267 singulos
2163 1187 2426 1266 crepitus
2456 1186 2588 1248 eius
2634 1194 2693 1244 10

428 1273 556 1353 pari
586 1272 843 1334 clamore
872 1271 1347 1352 prosequebatur

1496 1377 1530 1416 ιιι

589 1444 600 1518 Ι
640 1442 877 1516 ,multos
912 1439 1131 1525 [inquit
1154 1441 1500 1520 Eumolpus,
1533 1438 1593 1523 o]
1619 1441 1860 1502 iuvenes
1883 1459 2119 1502 carmen
2145 1439 2399 1519 decepit.
2447 1458 2585 1500 nam
2600 1446 2695 1496 Lo

429 1536 495 1589 ut
526 1527 777 1606 quisque
807 1545 1039 1588 versum
1072 1526 1322 1607 pedibus
1365 1526 1646 1587 instruxit
1674 1544 2035 1605 sensumque
2064 1525 2427 1586 teneriorem
2458 1543 2589 1585 ver·-

430 1613 642 1674 borum
687 1611 913 1673 ambitu
954 1612 1236 1686 intexuit,
1281 1611 1507 1690 putavit
1548 1629 1611 1673 se
1656 1610 1944 1672 continuo
1990 1611 2049 1670 in
2098 1609 2446 1670 Heliconem
2488 1627 2587 1669 ve-

434 1698 612 1760 nisse.
688 1697 774 1758 sic
826 1695 1168 1757 forensibus
1219 1696 1563 1757 ministeriis
1608 1695 1911 1757 exercitati
1955 1695 2299 1773 frequenter
2342 1694 2416 1754 ad
2461 1713 2593 1755 car-
2638 1703 2697 1753 15

436 1782 613 1842 minis
654 1780 1140 1858 tranquillitatem
1175 1790 1454 1858 tanquam
1486 1781 1557 1841 ad
1589 1789 1832 1860 portum
1863 1779 2188 1841 feliciorem
2219 1780 2594 1859 refugerunt,
2693 1773 2700 1781 ’

434 1866 746 1928 credentes
787 1865 1013 1926 facilius
1042 1882 1254 1944 poema
1285 1865 1477 1925 extrui
1506 1883 1708 1944 posse,
1754 1883 1928 1944 quam
1960 1864 2420 1926 controversiam
2452 1882 2595 1925 sen-

436 1950 700 2012 tentiolis
742 1949 1111 2011 vibrantibus
1156 1950 1389 2030 pictam.
1450 1957 1712 2011 ceterum
1745 1967 1940 2028 neque
1971 1949 2321 2028 generosior
2348 1949 2597 2028 spiritus

434 2035 750 2096 vanitatem
795 2042 980 2109 amat,
1025 2052 1223 2113 neque
1266 2033 1587 2112 concipere
1631 2044 1733 2095 aut
1776 2036 1952 2095 edere
1996 2041 2229 2113 partum
2259 2051 2430 2095 mens
2457 2044 2597 2113 pot-

438 2128 527 2182 est
571 2121 684 2182 nisi
743 2119 976 2199 ingenti
1032 2120 1278 2180 flumine
1321 2119 1624 2179 literarum
1668 2120 1972 2180 inundata.
2047 2118 2465 2197 refugiendum
2512 2126 2604 2179 est
2642 2125 2705 2175 2ο

436 2205 508 2267 ab
554 2206 719 2266 omni
761 2203 1110 2277 verborum,
1158 2212 1224 2265 ut
1266 2204 1345 2264 ita
1391 2204 1618 2277 dicam,
1664 2204 1879 2265 vilitate
1923 2212 1982 2265 et
2010 2204 2332 2265 sumendae
2362 2221 2538 2264 voces
2567 2222 2600 2262 a

438 2292 612 2372 plebe
655 2300 946 2364 semotae,
992 2301 1059 2353 ut
1101 2292 1200 2351 fiat
1243 2289 1382 2351 “odi
1424 2290 1745 2369 profanum
1793 2289 1998 2370 vulgus
2042 2298 2102 2350 et
2129 2288 2362 2351 arceo''.
2425 2307 2600 2368 prae-

439 2389 599 2438 terea
644 2376 972 2439 curandum
1019 2385 1138 2449 est,
1188 2395 1264 2437 ne
1308 2375 1638 2438 sententiae
1683 2375 1983 2436 emineant
2016 2383 2180 2435 extra
2211 2393 2432 2453 corpus
2462 2392 2603 2434 ora-

440 2463 620 2524 tionis
663 2479 974 2542 expressae
992 2508 1008 2536 ,
1054 2461 1154 2523 sed
1201 2461 1426 2522 intexto
1476 2459 1739 2522 vestibus
1770 2461 1969 2522 colore
2000 2459 2245 2520 niteant.
2305 2459 2604 2520 Homerus

444 2547 611 2609 testis
656 2556 714 2609 et
743 2547 910 2627 lyrici
940 2546 1362 2623 Romanusque
1395 2545 1689 2625 Vergilius
1718 2554 1780 2605 et
1811 2544 2039 2606 Horatii
2070 2544 2304 2606 curiosa
2335 2544 2603 2605 felicitas.
2649 2549 2710 2602 25

444 2633 626 2694 ceteri
670 2632 831 2693 enim
880 2639 982 2692 aut
1023 2650 1147 2691 non
1189 2630 1464 2691 viderunt
1491 2629 1672 2702 viam,
1719 2648 1833 2708 qua
1865 2631 2051 2690 iretur
2080 2629 2152 2690 ad
2182 2642 2456 2702 carmen,
2502 2638 2608 2689 aut

445 2718 625 2780 visam
671 2717 1003 2779 timuerunt
1046 2715 1291 2776 calcare.
1354 2733 1496 2778 ecce
1524 2714 1663 2776 belli
1694 2715 1879 2776 civilis
1909 2715 2124 2793 ingens
2154 2733 2306 2794 opus
2337 2714 2607 2794 quisquis

447 2802 737 2880 attigerit,
785 2801 901 2861 nisi
946 2800 1160 2880 plenus
1203 2799 1419 2873 literis,
1466 2799 1576 2861 sub
1623 2817 1809 2861 onere
1854 2799 2102 2861 labetur.
2164 2818 2286 2860 non
2321 2800 2482 2860 enim
2511 2816 2611 2859 res

446 2895 644 2967 gestae
671 2884 940 2947 versibus
969 2885 1560 2965 comprehendendae
1590 2894 1750 2958 sunt,
1784 2886 1942 2964 quod
1972 2885 2150 2964 longe
2180 2884 2391 2946 melius
2420 2884 2611 2945 histo-

449 2972 556 3033 rici
587 2971 833 3043 faciunt‚
864 2971 965 3032 sed
997 2988 1108 3050 per
1137 2969 1417 3050 ambages
1448 2971 1815 3048 deorumque
1844 2970 2171 3032 ministeria
2194 2978 2253 3032 et
2274 2968 2617 3031 fabulosum
2660 2974 2723 3025 80

449 3057 881 3119 sententiarum
944 3064 1311 3117 tormentum
1361 3055 1844 3135 praecipitandus
1888 3063 1977 3116 est
2018 3054 2172 3116 liber
2214 3054 2489 3133 spirituS,
2547 3064 2617 3115 ut

450 3143 648 3223 potius
678 3140 935 3203 furentis
966 3141 1147 3201 animi
1178 3140 1516 3202 vaticinatio
1549 3150 1827 3220 appareat
1858 3158 2035 3218 quam
2060 3141 2369 3219 religiosae
2392 3140 2617 3201 oratio-

451 3228 544 3289 nis
587 3226 700 3289 sub
744 3225 1000 3288 testibus
1043 3226 1218 3287 fides:
1266 3235 1549 3303 tanquam
1595 3225 1643 3286 si
1676 3225 1870 3305 placet
1897 3226 1994 3286 hic
2024 3224 2310 3306 impetuS,
2357 3225 2534 3286 etiam
2566 3224 2620 3286 si

454 3312 726 3375 nondum
758 3312 986 3391 recepit
1016 3311 1276 3373 ultimam
1309 3309 1573 3371 manum'

1517 3415 1551 3454 ιιι

765 3479 990 3541 ‘orbem
1022 3481 1138 3541 iam
1170 3489 1361 3540 totum
1390 3480 1582 3541 victor
1607 3479 1910 3541 Romanus
1938 3477 2221 3553 habebat,

629 3582 744 3645 qua
777 3583 972 3640 mare,
1018 3584 1131 3645 qua
1162 3573 1387 3639 terrae,
1420 3583 1534 3643 qua
1566 3563 1728 3626 sidus
1758 3563 1946 3625 currit
1973 3571 2313 3642 utrumque.

629 3667 745 3710 nec
775 3649 1016 3712 satiatus
1046 3659 1188 3711 erat.
1249 3649 1503 3729 gravidis
1531 3651 1680 3711 freta
1712 3649 1883 3728 pulsa
1911 3648 2131 3710 carinis

633 3802 696 3850 10
732 3799 976 3865 strepitus
1002 3799 1023 3865 fl
1049 3802 1111 3852 12
1151 3799 1340 3852 multos
1380 3798 1613 3851 nimirum
1652 3812 1855 3850 carmen
1890 3799 2178 3863 florileg-ia,
2213 3797 2381 3865 inquit
2415 3795 2629 3850 Eumol-

458 3880 554 3933 pus
591 3882 692 3917 om.
736 3866 781 3917 L
816 3866 836 3933 ΙΙ
876 3868 937 3921 13
976 3867 1224 3919 teneriore
1249 3867 1534 3918 emensis
1559 3866 1578 3933 ΙΙ
1609 3868 1670 3918 16
1706 3866 2030 3933 faciliorem„
2061 3869 2123 3919 19
2158 3866 2427 3917 sanitatem
2460 3866 2469 3930 Ι
2500 3880 2627 3917 con-

458 3935 588 3999 spici
614 3933 635 4001 ΙΙ
661 3936 726 3987 20
763 3934 1066 3987 inundanter
1100 3934 1449 4001 effugiendum
1485 3936 1747 4000 (inundata
1779 3933 2012 3996 fortasse
2046 3935 2112 4000 L)
2137 3933 2157 4001 ΙΙ
2184 3936 2248 3987 22
2284 3938 2573 3986 summotae
2608 3936 2631 4000 Ι

461 4004 527 4055 24
564 4002 801 4055 versibus
844 4002 971 4052 libri
998 4002 1289 4071 plerique„
1320 4005 1383 4055 25
1418 4002 1654 4064 fortasse
1690 4004 1838 4055 testis
1874 4007 1955 4054 est
1989 4007 2042 4055 et
2068 4002 2087 4069 ΙΙ
2114 4005 2179 4055 26
2215 4006 2306 4053 aut
2340 4016 2549 4054 versum
