2881 4580
483 315 564 374 90
1400 312 1707 366 ΡΕΤΒΟΝΠ

787 488 951 567 ipsae
978 487 1094 548 iam
1127 486 1319 548 nubes
1347 495 1557 566 ruptae
1587 504 1770 565 super
1798 504 1960 546 arma
1988 485 2300 561 cadebant,
2644 492 2735 543 Lo

671 583 757 634 200
786 581 846 633 et
875 581 1154 634 concreta
1185 572 1319 651 gelu
1351 572 1521 651 ponti
1553 570 1711 631 velut
1740 572 1896 632 unda
1923 571 2151 632 ruebat.

788 658 936 718 victa
968 666 1095 719 erat
1124 657 1353 736 ingenti
1384 656 1563 718 tellus
1594 656 1728 716 nive
1755 656 2024 734 victaque
2054 656 2199 717 caeli

790 742 1001 816 sidera,
1033 743 1178 802 victa
1210 742 1333 803 suis
1361 742 1666 802 haerentia
1694 740 1939 802 flumina
1967 740 2146 820 ripis;

789 827 1057 888 nondum
1088 827 1301 888 Caesar
1328 835 1473 900 erat,
1505 827 1605 888 sed
1636 844 1909 906 magnam
1942 826 2118 887 nixus
2145 826 2207 887 in
2240 826 2466 886 hastam

788 912 1025 973 horrida
1057 912 1284 974 securis
1314 911 1627 991 frangebat
1655 911 1956 991 gressibus
1986 929 2140 984 arva,

663 1005 749 1056 205
778 996 968 1075 qualis
998 996 1288 1058 Caucasea
1332 997 1659 1058 decurrens
1687 998 1906 1058 arduus
1935 1014 2072 1057 arce

790 1081 1364 1162 Amphitryoniades,
1394 1090 1496 1143 aut
1525 1089 1691 1142 torvo
1723 1081 1993 1161 Iuppiter
2020 1098 2143 1154 ore,

788 1184 923 1227 cum
955 1184 1019 1228 se
1051 1167 1366 1228 verticibus
1394 1168 1593 1246 magni
1626 1167 1860 1228 demisit
1889 1166 2123 1247 Olympi

787 1261 846 1312 et
874 1252 1276 1332 periturorum
1307 1252 1538 1314 disiecit
1563 1251 1680 1313 tela
1707 1251 2044 1330 Gigantum.

889 1335 1030 1397 dum
1056 1337 1270 1399 Caesar
1297 1338 1551 1398 tumidas
1579 1336 1765 1398 iratus
1794 1335 2072 1415 deprimit
2100 1353 2286 1407 arces,

666 1430 756 1481 210
788 1421 1011 1484 interea
1041 1422 1298 1484 volucris
1326 1422 1503 1484 motis
1530 1421 1855 1482 conterrita
1885 1421 2101 1500 pennis

789 1506 967 1567 Fama
1000 1508 1153 1568 volat
1181 1508 1517 1585 summique
1548 1507 1696 1587 petit
1725 1507 1859 1585 iuga
1889 1506 2046 1568 celsa
2076 1504 2258 1566 Palati

785 1600 964 1670 atque
992 1593 1107 1653 hoc
1137 1592 1407 1654 Romano
1435 1592 1665 1653 tonitru
1694 1592 1835 1652 ferit
1860 1591 2056 1652 omnia
2084 1591 2285 1666 signa:

788 1676 903 1736 iam
933 1676 1149 1739 classes
1176 1678 1407 1739 fluitare
1437 1677 1586 1738 mari
1613 1685 1886 1755 totasque
1915 1694 2025 1755 per
2052 1676 2231 1754 Alpes

791 1761 1019 1823 fervere
1047 1761 1345 1822 Germano
1376 1762 1648 1841 perfusas
1677 1761 1968 1840 sanguine
1998 1770 2243 1822 turmas.

665 1853 752 1904 215
781 1862 960 1921 arma,
992 1864 1190 1919 cruor,
1222 1847 1448 1920 caedes,
1479 1846 1753 1907 incendia
1782 1854 2022 1924 totaque
2050 1845 2202 1906 bella

788 1938 925 1990 ante
957 1931 1162 1993 oculos
1190 1931 1453 1992 volitant.
1515 1949 1657 2010 ergo
1688 1931 1915 2010 pulsata
1945 1930 2202 1991 tumultu

788 2023 1030 2094 pectora
1061 2034 1288 2096 perque
1318 2016 1465 2078 duas
1492 2014 1851 2077 scinduntur
1876 2016 2082 2076 territa
2113 2033 2336 2076 causas.

786 2099 926 2161 huic
956 2102 1095 2180 fuga
1124 2119 1234 2180 per
1261 2110 1470 2175 terras,
1499 2100 1583 2161 illi
1612 2100 1798 2180 magis
1827 2100 1986 2161 unda
2018 2100 2307 2179 probatur

757 2192 849 2245 ·et
878 2186 1064 2264 patria
1094 2195 1315 2267 pontus
1344 2186 1457 2247 iam
1487 2186 1693 2247 tutior.
1752 2195 1843 2247 est
1871 2185 2057 2263 magis
2085 2202 2246 2244 arma

663 2278 750 2331 220
779 2270 880 2349 qui
910 2278 1201 2352 temptare
1228 2271 1368 2333 velit
1393 2271 1647 2350 fatisque
1677 2270 2021 2333 iubentibus
2050 2270 2154 2331 uti.

790 2367 1076 2435 quantum
1109 2357 1361 2437 quisque
1391 2358 1581 2430 timet,
1611 2365 1840 2418 tantum
1872 2356 2040 2437 fugit.
2101 2355 2266 2416 ocior
2295 2354 2423 2434 ipse

788 2441 896 2503 hos
925 2442 1084 2504 inter
1111 2451 1308 2504 motus
1336 2442 1615 2522 populus,
1645 2440 1980 2503 miserabile
2008 2441 2155 2512 visu,

790 2544 908 2605 quo
940 2545 1111 2589 mens
1142 2528 1253 2588 icta
1285 2527 1472 2602 iubet,
1503 2529 1734 2588 deserta
1764 2527 2002 2587 ducitur
2030 2525 2198 2586 urbe.

789 2611 1008 2690 gaudet
1035 2612 1221 2673 Roma
1251 2613 1409 2691 fuga,
1439 2612 1833 2690 debellatique
1863 2610 2124 2682 Quirites

667 2706 753 2756 225
781 2696 1042 2757 rumoris
1071 2696 1273 2757 sonitu
1301 2697 1625 2757 maerentia
1656 2705 1809 2757 tecta
1839 2695 2209 2774 relinquunt.

789 2779 887 2841 ille
916 2798 1094 2841 manu
1126 2782 1330 2860 pavida
1362 2790 1535 2842 natos
1562 2788 1746 2854 tenet,
1775 2781 1873 2842 ille
1903 2788 2149 2861 penates

790 2866 1049 2926 occultat
1076 2866 1303 2944 gremio
1335 2866 1828 2946 deploratumque
1857 2865 2142 2944 relinquit

789 2949 968 3010 limen
999 2958 1060 3011 et
1089 2951 1393 3012 absentem
1424 2952 1574 3012 votis
1602 2951 1884 3011 interficit
1911 2950 2163 3011 hostem.

788 3044 931 3096 sunt
960 3035 1061 3114 qui
1092 3035 1449 3114 coniugibus
1477 3036 1800 3097 maerentia
1828 3043 2070 3116 pectora
2101 3035 2371 3114 iungant,

667 3129 755 3180 2³0
781 3120 1266 3200 grandaevosque
1295 3132 1497 3200 patres
1527 3120 1848 3199 onerisque
1876 3120 2082 3198 ignara
2112 3120 2385 3181 iuventus

789 3205 846 3266 id
877 3224 988 3285 pro
1021 3225 1140 3285 quo
1172 3206 1403 3279 metuit,
1433 3214 1663 3266 tantum
1697 3206 1892 3265 trahit.
1953 3204 2148 3266 omnia
2181 3222 2385 3266 secum

786 3290 885 3351 hic
912 3291 1072 3351 vehit
1099 3290 1447 3370 imprudens
1477 3290 1873 3370 praedamque
1901 3289 1963 3350 in
1997 3288 2221 3368 proelia
2254 3289 2447 3351 ducit:

784 3393 854 3436 ac
882 3375 1044 3437 velut
1073 3394 1143 3436 ex
1175 3376 1293 3436 alto
1325 3393 1462 3436 cum
1494 3393 1747 3454 magnus
1776 3375 2077 3436 inhorruit
2106 3382 2306 3436 auster

795 3468 854 3521 et
882 3461 1085 3539 pulsas
1114 3461 1322 3521 evertit
1349 3477 1552 3538 aquas,
1585 3478 1707 3520 non
1739 3477 1897 3520 arma
1929 3459 2232 3534 ministriS,

666 3555 753 3605 255
783 3564 908 3606 non
939 3545 1206 3626 regimen
1239 3543 1505 3624 prodest,
1536 3545 1678 3623 ligat
1707 3544 1858 3606 alter
1885 3543 2153 3625 pondera
2184 3545 2383 3625 pinus,

787 3629 937 3690 alter
964 3639 1092 3692 tuta
1121 3630 1289 3692 sinus
1320 3630 1755 3709 tranquillaque
1785 3629 1959 3691 litora
1989 3630 2249 3708 quaerit:

654 3798 754 3848 200
789 3796 966 3847 umbra
1006 3797 1047 3847 0
1070 3796 1090 3863 ss
1118 3798 1217 3850 208
1254 3796 1444 3849 deiecit
1469 3795 1490 3864 ΙΙ
1513 3799 1612 3850 210
1637 3797 1849 3848 volucer
1873 3795 1894 3864 ΙΙ
1918 3798 2018 3849 212
2041 3794 2300 3848 Romanos
2318 3794 2642 3847 Bouken‘us.

485 3878 590 3927 quo
621 3865 849 3930 probato
887 3867 1145 3929 temptavi
1179 3865 1329 3918 obvia
1380 3864 1401 3932 ΙΙ
1449 3866 1544 3918 221
1593 3870 1718 3916 ante
1764 3867 1859 3917 231
1901 3864 2176 3916 Vahlenue
2217 3866 2408 3931 posuit
2453 3863 2466 3931 Ι
2513 3863 2645 3931 fugit

481 3930 625 3982 ocior
658 3931 773 3998 ipso
808 3930 1124 3983 Mosa-clerus
1165 3932 1186 3999 ΙΙ
1228 3934 1327 3986 229
1365 3933 1578 3998 pignora
1614 3932 1940 3985 Stewecln‘us
1975 3931 1996 3998 ΙΙ
2033 3934 2133 3985 230
2169 3934 2375 3984 conieci
2408 3947 2595 3999 parens

482 3998 672 4119 ιῖιξέοῐίς
727 3997 828 4052 fert
879 4014 1045 4065 gnava
1082 4002 1273 4052 Iunius
1325 4005 1378 4051 et
1414 4002 1686 4052 Vomanus
1729 4000 1750 4068 ΙΙ
1798 4003 1899 4054 234
1951 4001 2211 4067 magistris
2248 3999 2598 4052 Colladouiue

618 4080 733 4117 sinu
