2881 4580
441 278 561 338 180
1317 277 1648 332 VARRONIS

302 547 388 600 170
839 538 951 600 tela
984 537 1184 599 dextra
1216 535 1467 610 vibrant,
1498 542 1664 598 russa
1695 535 1896 614 sagula
1925 535 2202 606 emicant,

843 631 1019 701 atque
1050 627 1114 683 in
1144 620 1482 702 insignibus
1511 621 1710 682 Martis
1739 629 1985 700 torquae
2017 638 2248 692 aureae,

840 717 1004 769 scuta
1037 707 1252 768 caelata
1286 706 1550 768 Hiberon
1584 714 1830 785 argento
1861 705 2020 785 gravi

842 790 1049 855 crebra
1080 792 1310 872 fulgent

1422 874 1502 935 111
1533 875 1622 952 (1)

309 969 393 1021 171
843 965 1026 1041 teges,
1056 961 1270 1043 pruina
1303 964 1378 1023 ne
1411 960 1702 1021 iacentem
1735 958 1951 1021 subdiu

845 1046 1079 1108 dealbet
1108 1046 1243 1125 algu
1273 1044 1608 1108 candicanti
1639 1045 1862 1124 frigore

1409 1146 1518 1206 1111
1547 1146 1634 1223 (4)

305 1242 391 1293 172
644 1233 880 1312 sapiens
924 1243 983 1294 et
1023 1233 1248 1294 bonum
1291 1233 1448 1293 ferre
1492 1239 1688 1310 potest
1739 1230 1966 1291 modice
2013 1240 2070 1292 et
2112 1230 2326 1290 malum
2361 1228 2601 1290 fortiter

445 1326 547 1379 aut
578 1317 780 1379 leviter

1317 1434 1467 1487 ΕΩΣ
1500 1434 1712 1486 ΠΟΤΕ

1274 1534 1319 1569 π
1339 1534 1367 1567 e
1390 1534 1421 1586 ρ
1449 1520 1468 1567 ὶ
1528 1511 1574 1567 ὦ
1590 1534 1621 1586 ρ
1646 1514 1693 1566 ὦ
1711 1535 1746 1566 ν

1446 1603 1472 1664 1
1502 1603 1591 1681 (2)

318 1700 405 1751 173
853 1694 974 1751 non
1006 1707 1181 1770 posse
1212 1697 1405 1750 ostrea
1438 1706 1502 1749 se
1532 1689 1752 1749 Romae
1783 1685 2070 1767 praebere
2101 1695 2161 1747 et
2191 1685 2438 1749 echinos

317 1887 403 1938 174
655 1875 804 1936 vitae
835 1892 1074 1936 cursum
1119 1883 1187 1935 ut
1217 1893 1579 1954 cognoscere
1611 1892 1842 1954 possem
1866 1921 1882 1949 ‚
1927 1880 1986 1934 et
2031 1890 2181 1952 quae
2211 1871 2513 1934 servitutis
2545 1880 2602 1933 et

446 1959 733 2022 libertatis
764 1957 837 2020 ab
871 1960 1098 2040 origine
1129 1959 1199 2020 ad
1234 1960 1507 2022 exodium
1543 1960 1826 2021 adductae

1310 2124 1746 2179 FLAXTABVLA

1241 2213 1405 2279 περὶ
1455 2210 1810 2280 ἐπαρχιῶν

1452 2298 1475 2357 l
1508 2298 1595 2377 (6)

315 2396 400 2448 175
656 2400 856 2462 quare,
888 2401 924 2443 o
956 2382 1179 2457 Marce,
1225 2401 1510 2463 pransum
1541 2402 1609 2445 ac
1638 2392 1905 2465 paratum
1939 2401 2066 2444 esse
2096 2392 2156 2443 te
2185 2381 2299 2442 hoc
2330 2381 2599 2442 minumo

445 2475 681 2549 oportet

1438 2552 1492 2613 11
1522 2553 1610 2630 (2)

312 2649 404 2715 ⁸1⁸16
658 2636 827 2697 multi
859 2636 1018 2697 enim
1050 2638 1150 2716 qui
1182 2638 1381 2699 limina
1413 2638 1714 2698 intrarunt
1744 2636 1992 2714 integris
2024 2635 2240 2709 oculis,
2285 2633 2600 2697 strabones

448 2731 590 2784 sunt
632 2722 802 2795 facti3
855 2720 1032 2782 habet
1075 2721 1350 2801 quiddam
1403 2723 1562 2783 enim
1616 2717 1993 2786 ἑλκυστικόν
2045 2720 2420 2801 provincialis
2475 2722 2601 2781 for·

447 2806 719 2867 monsula
747 2824 899 2866 uxor

1427 2890 1508 2952 111
1540 2892 1625 2968 (5)

317 2989 402 3040 177
657 2994 768 3036 nec
799 2975 1062 3036 dolorem
1117 2964 1492 3061 ἀδιάφορον
1536 2994 1694 3050 esse,
1750 2975 1908 3057 quod
1939 2974 2311 3057 philosophia
2340 2993 2601 3035 comma·

448 3061 703 3121 laxarem
731 3077 798 3121 ea
821 3056 1039 3145 πάθη,
1075 3079 1268 3139 neque
1299 3061 1448 3122 irato
1474 3062 1616 3122 mihi
1640 3060 1900 3122 habenas
1922 3060 2056 3122 dedi
2083 3078 2378 3140 umquam,
2407 3078 2602 3139 neque

449 3145 752 3227 cupiditati
785 3164 904 3206 nou
938 3145 1192 3225 imposui
1223 3146 1425 3208 frenos

621 3297 717 3346 170
753 3292 821 3345 Ν.
851 3311 907 3361 p.
944 3296 1044 3348 228
1081 3300 1315 3363 torquem
1355 3296 1363 3361 Ι
1406 3296 1623 3348 russatia
1661 3295 1882 3348 emicant
1922 3295 1931 3360 Ι
1973 3300 2199 3363 torques,
2232 3294 2327 3345 sed
2362 3298 2604 3362 torqueas

450 3377 631 3415 aureas
669 3367 720 3414 et
748 3378 883 3428 pars
917 3364 1176 3415 codicum.
1234 3365 1464 3416 antehae
1499 3364 1768 3415 edideram
1793 3362 1990 3415 Martiis
2026 3366 2230 3415 torcues
2267 3378 2404 3428 quae
2436 3366 2606 3429 serip-

452 3434 577 3481 tum
613 3447 672 3481 eo
710 3432 886 3482 minue
912 3434 1214 3498 probabilis
1249 3437 1327 3483 est
1363 3432 1510 3498 quod
1541 3434 1621 3483 eie
1654 3448 1763 3484 non
1809 3432 1933 3482 licet
1977 3431 2151 3482 dividi
2184 3446 2403 3482 carmen
2439 3435 2609 3481 tetra-

445 3501 645 3549 metris.
723 3502 966 3551 extitisse
1018 3499 1144 3552 olim
1179 3504 1258 3552 tor
1297 3516 1360 3551 ua
1396 3516 1590 3551 nomen
1625 3501 1713 3551 vel
1758 3503 2028 3567 torquatus
2065 3500 2296 3551 ostendit
2340 3498 2351 3567 Ι
2391 3497 2606 3551 Hibero:

445 3569 605 3631 prius
635 3581 920 3632 posueram
946 3517 1294 3635 Hiberorum‘d
1317 3571 1412 3621 171
1442 3567 1509 3620 N.
1527 3584 1584 3636 p.
1610 3570 1677 3620 72
1713 3567 1834 3634 algu
1864 3574 1873 3633 Ι
1903 3568 2046 3634 leges
2081 3567 2225 3619 ruina
2257 3567 2267 3634 Ι
2297 3566 2608 3619 subdealbet

446 3635 551 3699 (vel
603 3633 943 3701 subdeabbet)
978 3635 1239 3702 algudauti
1292 3636 1508 3703 frigore:
1556 3652 1660 3703 pro
1714 3637 1888 3687 iambo
1941 3637 2026 3688 diu
2073 3633 2344 3696 Afranius
2397 3651 2610 3701 quoque

446 3715 608 3751 versu
646 3701 743 3754 105
780 3702 840 3754 R.
877 3703 1115 3771 extulit!
1144 3706 1239 3758 172
1275 3704 1344 3757 Ν.
1373 3720 1430 3770 p.
1469 3707 1569 3759 342
1607 3702 1858 3756 modicum

627 3771 720 3821 173
756 3769 824 3822 Ν.
854 3788 910 3838 p.
948 3774 1046 3825 216
1082 3778 1252 3826 ostrea
1293 3773 1314 3840 ΙΙ
1361 3776 1461 3827 174
1505 3772 1574 3825 Ν.
1615 3789 1672 3838 p.
1710 3775 1771 3825 27
1822 3770 2060 3825 exodium
2111 3770 2121 3838 Ι
2168 3777 2221 3822 et
2255 3773 2408 3839 quae]
2434 3771 2609 3822 deesse

451 3837 666 3887 videtur
699 3838 858 3890 series

626 3906 720 3957 175
758 3904 825 3959 Ν.
858 3922 913 3972 p.
937 3909 1037 3959 458
1074 3908 1245 3973 pransi
1276 3908 1284 3972 Ι
1315 3913 1454 3961 esset
1489 3908 1587 3961 hoc
1612 3922 1805 3970 omnes,
1839 3905 2064 3957 minume
2101 3906 2260 3957 multi
2290 3904 2455 3957 libri:
2490 3920 2608 3958 esse

451 3970 709 4023 hominem
745 3973 959 4037 Lipsius
982 3974 1007 4040 ΙΙ
1031 3977 1127 4028 176
1161 3974 1228 4027 Ν.
1258 3991 1315 4041 p.
1335 3977 1398 4027 27
1438 3977 1706 4028 strabones
1733 3975 1754 4043 ΙΙ
1782 3977 1874 4030 177
1913 3973 1981 4025 Ν.
2014 3990 2067 4040 p.
2089 3976 2153 4027 82
2190 3974 2563 4027 commalexnre
2593 3972 2602 4042 1

444 4051 507 4090 ca
543 4041 739 4105 patrem
769 4047 780 4101 Ι
809 4041 1060 4108 cupiditas
1096 4057 1199 4095 non
1234 4043 1485 4109 imposuit
