2881 4580
1194 292 1473 346 PRIAPEA
2296 296 2418 367 155

1185 466 1499 528 LXXVIIII

494 583 719 664 Priape,
750 585 911 664 quod
942 584 1023 646 sis
1053 586 1277 647 fascino
1309 587 1501 664 gravis
1532 596 1718 662 teme,

499 670 654 749 quod
685 668 1061 750 exprobravit
1089 672 1186 733 hic
1215 671 1321 733 tibi
1354 691 1462 734 suo
1492 690 1667 735 versu

495 764 666 834 poeta
696 764 921 829 noster,
952 756 1304 819 erubescere
1335 757 1450 819 hoc
1482 758 1632 819 noli:

498 860 616 901 non
649 860 713 902 es
742 850 919 922 poeta
947 842 1297 904 fascinosior
1327 851 1553 905 nostro,

1243 994 1451 1055 LXXX

497 1095 569 1156 At
598 1113 720 1155 non
751 1094 926 1175 longa
959 1094 1113 1157 hene
1146 1106 1251 1168 est,
1284 1106 1344 1157 at
1373 1116 1496 1158 non
1531 1096 1685 1159 bene
1717 1098 1978 1159 mentula
2009 1116 2205 1161 crassa

573 1191 632 1241 et
662 1198 837 1259 quam
867 1182 917 1242 si
946 1190 1180 1254 tractes,
1213 1200 1483 1244 crescere
1514 1201 1689 1262 posse
1718 1181 1938 1262 putes?

497 1283 586 1325 me
617 1266 917 1340 miserum,
949 1267 1192 1346 cupidas
1221 1268 1367 1328 fallit
1396 1285 1676 1329 mensura
1708 1269 1964 1348 puellas:

573 1370 693 1411 non
727 1350 906 1412 habet
932 1351 1075 1412 haec
1106 1351 1263 1413 aliud
1293 1353 1558 1414 mentula
1589 1354 1777 1414 maius
1809 1372 1898 1414 ec.

369 1510 384 1525 x
499 1435 697 1496 utilior
727 1435 960 1517 Tydeus
990 1437 1111 1515 qui,
1143 1438 1190 1498 si
1222 1439 1362 1516 quid
1395 1438 1587 1500 credis
1621 1439 1897 1512 flumem,
2300 1449 2333 1499 5

393 1530 408 1539 ’·
447 1562 490 1573 „-
571 1520 812 1601 ingenio
843 1541 1100 1602 pugnax,
1123 1539 1385 1603 corpore
1415 1542 1633 1603 parvus
1664 1532 1807 1585 erat.

371 1624 382 1635 f
495 1605 596 1667 sed
627 1607 819 1687 potuit
847 1608 1064 1669 damno
1096 1609 1269 1670 nobis
1302 1609 1647 1688 novitasque
1678 1610 1990 1691 pudorque

573 1709 720 1768 esse,
743 1693 1134 1773 repellendus
1164 1694 1398 1774 saepius
1428 1695 1539 1755 iste
1570 1695 1732 1755 mihi.

1199 1898 1204 1905 ,
1221 1847 1454 1909 LXXXI

494 1945 644 2009 Dum
677 1947 836 2020 viviS‚
868 1954 1114 2027 sperare
1137 1948 1334 2011 decet:
1367 1958 1452 2022 tu,
1485 1949 1705 2012 rustice
1736 1959 1954 2026 custoS‚

570 2033 685 2093 huc
714 2031 853 2094 ades
883 2041 943 2094 et
972 2033 1185 2106 nervis,
1216 2044 1379 2096 tente
1411 2035 1640 2114 Priape,
1672 2036 1816 2097 save.

1136 2272 1542 2283 ψ

1207 2508 1468 2571 LXXXII

1166 2597 1222 2672 [τ
1236 2614 1254 2654 1
1268 2614 1301 2654 B
1320 2614 1352 2654 v
1365 2615 1399 2655 1,
1419 2615 1456 2655 L
1472 2597 1511 2673 ι]

491 2698 709 2760 Vilicus
737 2697 928 2759 aerari
960 2697 1278 2782 quondam,
1311 2716 1474 2759 nunc
1507 2698 1702 2759 cultor
1729 2697 1901 2775 agelli

562 2784 708 2844 haec
738 2781 848 2844 tihi
876 2783 1230 2881 Perspectus
1257 2783 1498 2863 templa,
1530 2783 1759 2863 Priape,
1791 2783 1944 2844 dico.

488 2887 598 2949 pro
630 2868 846 2947 quibus
878 2869 1107 2944 officiis,
1139 2869 1187 2930 si
1220 2870 1307 2930 sas
1337 2878 1446 2942 est,
1477 2877 1700 2944 sancte,
1731 2868 2021 2948 paciscor,

563 2953 832 3016 assiduus
862 2962 1061 3015 custos
1093 2954 1250 3016 ruris
1279 2963 1348 3016 ut
1377 2973 1505 3016 esse
1536 2954 1698 3031 velis,

488 3039 791 3119 improbus
823 3048 890 3101 ut
918 3040 966 3100 si
1000 3040 1131 3118 quis
1162 3048 1432 3101 nostrum
1464 3039 1696 3101 violarit
1725 3040 1997 3120 agellum,
2301 3051 2329 3099 5

563 3125 725 3187 hunc
756 3132 823 3187 tu
849 3158 933 3170 —
964 3123 1068 3186 sed
1097 3132 1295 3187 taceo:
1329 3125 1466 3199 scis,
1499 3134 1665 3205 puto,
1697 3123 1857 3205 quod
1885 3123 2176 3204 sequitur.

1188 3277 1476 3340 LXXXIII

1161 3366 1216 3441 [T
1230 3383 1250 3423 1
1267 3383 1301 3423 Β
1317 3383 1349 3423 ν
1363 3383 1397 3423 L
1416 3383 1452 3424 L
1469 3365 1510 3440 ι]

488 3464 640 3536 Quid
671 3465 787 3525 hoc
818 3464 954 3526 novi
987 3462 1123 3526 est?
1155 3466 1342 3545 quid
1327 3483 1413 3527 ira
1449 3464 1683 3527 nuntiat
1712 3462 1934 3526 deum?

488 3551 697 3612 silente
730 3558 906 3611 nocte
938 3551 1223 3613 candidus
1252 3551 1394 3612 mihi
1425 3568 1580 3631 puer

491 3645 732 3715 tepente
764 3653 898 3698 cum
933 3636 1151 3702 iaceret
1179 3636 1411 3698 abditus
1443 3636 1598 3710 sinu,

427 3802 687 3855 LXXVIIII
714 3805 743 3856 2
781 3803 913 3855 hanc
949 3805 1103 3856 libri.-
1139 3804 1239 3854 hoc
1269 3804 1622 3854 Baehrensius
1653 3799 1661 3869 Ι
1692 3804 1726 3854 4
1763 3806 1843 3853 est
1877 3805 2031 3866 poeta
2069 3799 2413 3881 sarcinosiorss

261 3869 435 3923 LXXX
485 3875 508 3924 1
558 3871 692 3924 bene
727 3886 830 3924 non
867 3876 970 3924 stat
1006 3873 1163 3923 bene:
1214 3871 1284 3932 cl*
1325 3871 1482 3922 Ovidi
1515 3885 1620 3924 am.
1659 3870 1745 3921 III
1775 3870 1892 3935 7,1
1924 3868 1934 3937 Ι
1972 3873 2005 3923 4
2045 3868 2239 3936 aliquid
2275 3885 2418 3920 unm·

265 3939 396 3991 liber
426 3941 435 4003 Ι
467 3955 554 3993 ero
589 3941 949 3991 Baehrcmius
977 3939 986 4007 Ι
1019 3943 1049 3994 8
1072 3939 1325 3990 mutilum
1362 3955 1580 3989 carmen
1614 3939 1847 3990 videtur.
1895 3941 1956 3989 in
1981 3940 2135 3990 libris
2160 3939 2418 3989 adhaeret

261 4006 455 4060 LXXXI
500 4009 519 4077 ΙΙ
559 4007 778 4060 LXXXII
814 4011 1000 4060 extitit
1033 4012 1090 4059 in
1127 4008 1306 4073 lapide
1331 4009 1592 4060 Patauino
1628 4009 1947 4073 inscriptum
1975 4005 2104 4060 CIL.
2145 4007 2203 4059 V
2225 4005 2364 4060 2803
2404 4003 2414 4071 Ι

263 4078 292 4128 5
324 4077 542 4130 violabit
578 4077 715 4143 lapis
744 4076 753 4145 Ι
785 4078 816 4128 6
841 4076 933 4129 sed
970 4082 1115 4129 tento
1154 4076 1292 4141 lapis
