2881 4580
1225 316 1508 370 SATlRAE
2368 319 2446 378 57

160 499 251 550 Lo
591 492 696 570 qui
727 508 959 571 pugnas
989 498 1049 551 et
1078 498 1267 552 castra
1297 490 1468 570 petit,
1499 490 1907 570 praecingitur
1936 508 2117 570 auro;

594 576 722 637 vilis
754 574 1020 636 adulator
1054 576 1212 655 picto
1245 576 1397 636 iacet
1425 575 1627 637 ebrius
1660 585 1842 649 ostro,

584 670 646 723 et
676 660 778 739 qui
810 661 1086 722 sollicitat
1116 669 1354 740 nuptas,
1385 661 1458 721 ad
1490 661 1753 740 praemia
1785 671 2022 741 peccat:

585 746 712 808 sola
743 746 1049 825 pruinosis
1079 746 1286 807 horret
1315 745 1593 807 facundia
1625 748 1842 826 pannis

587 841 767 910 atque
798 832 966 910 inopi
993 832 1199 910 lingua
1230 832 1494 894 desertas
1523 831 1764 893 invocat
1792 842 1968 893 artes.

272 936 397 977 non
431 915 616 978 dubie
648 918 728 978 ita
758 925 874 979 est:
910 917 960 978 si
991 917 1126 994 quis
1155 916 1434 979 vitiorum
1468 917 1736 978 omnium
1768 917 2047 978 inimicus
2077 925 2305 977 rectum
2334 918 2448 979 iter
2468 919 2552 983 84

270 1002 423 1063 vitae
457 1003 660 1083 coepit
688 1002 985 1076 insistere,
1017 1002 1277 1082 primum
1301 1013 1551 1083 propter
1574 1021 1809 1063 morum
1832 1003 2226 1064 differentiam
2250 1003 2451 1063 odium

273 1086 489 1161 habet;
538 1088 672 1166 quis
702 1087 863 1149 enim
910 1095 1109 1167 potest
1151 1089 1408 1168 probare
1453 1086 1727 1149 diversa?
1785 1088 1999 1150 deinde
2032 1088 2135 1166 qui
2164 1087 2318 1150 solas
2352 1107 2452 1149 ex-

273 1181 480 1234 truere
510 1172 741 1234 divitias
787 1181 1029 1246 curant,
1078 1173 1226 1234 nihil
1255 1173 1464 1234 volunt
1508 1173 1666 1234 inter
1709 1174 1983 1235 homines
2030 1173 2240 1236 melius
2269 1174 2449 1246 credi,

174 1269 231 1321 10
275 1276 459 1336 quam
504 1259 665 1335 quod
695 1258 810 1338 ipsi
850 1267 1078 1319 tenent.
1138 1258 1514 1320 insectantur
1556 1258 1785 1337 itaque,
1833 1278 2192 1339 quacunque
2220 1260 2451 1320 ratione

276 1352 565 1423 possunt,
611 1343 919 1405 literarum
951 1352 1278 1417 amatores,
1326 1353 1392 1405 ut
1421 1344 1732 1404 videantur
1763 1344 1845 1405 illi
1878 1362 2116 1423 quoque
2161 1343 2316 1405 infra
2346 1363 2451 1423 pe-

236 1487 245 1492 .
278 1429 522 1490 cuniam
555 1428 752 1507 positi’

1351 1533 1384 1571 *
1941 1550 1946 1556 .

208 1597 255 1648 L
461 1596 472 1680 Ι
514 1599 738 1660 ‘nescio
776 1616 898 1676 quo
928 1598 1106 1659 modo
1140 1598 1335 1659 bonae
1366 1597 1584 1660 mentis
1614 1616 1786 1660 soror
1817 1608 1908 1661 est
1936 1597 2276 1679 paupertas’

1353 1704 1386 1742 *

455 1767 711 1843 ‘vellem‚
770 1777 888 1829 tam
946 1769 1241 1830 innocens
1296 1777 1452 1831 esset
1507 1768 1857 1848 frugalitatis
1912 1788 2078 1831 meae
2122 1768 2340 1843 hostis,
2387 1780 2454 1829 ut

175 1867 232 1916 15
277 1852 535 1914 deleniri
589 1863 809 1932 posset.
898 1873 1063 1915 nunc
1117 1861 1433 1915 veteranus
1489 1863 1578 1915 est
1632 1854 1780 1915 latro
1838 1864 1897 1916 et
1947 1855 2090 1935 ipsis
2134 1855 2453 1916 lenonibus

278 1937 533 2000 doctior’

1355 2045 1388 2083 *

459 2109 542 2168 ‘in
573 2109 769 2170 Asiam
814 2126 951 2169 cum
995 2126 1027 2168 a
1060 2118 1372 2186 quaestore
1417 2127 1607 2171 essem
1655 2109 1951 2189 stipendio
1983 2109 2265 2182 eductuS,
2310 2111 2449 2172 hos·
2472 2108 2551 2171 85

282 2193 498 2273 pitium
543 2193 815 2273 Pergami
861 2193 1084 2273 accepi.
1144 2193 1246 2255 ubi
1279 2212 1415 2257 cum
1459 2195 1718 2255 libenter
1747 2195 2070 2255 habitarem
2107 2213 2229 2255 non
2261 2195 2454 2256 solum

281 2286 538 2359 propter
565 2279 791 2342 cultum
822 2278 1250 2355 aedicularum,
1297 2280 1398 2341 sed
1446 2280 1617 2340 etiam
1650 2289 1899 2360 propter
1941 2279 2189 2359 hospitis
2230 2280 2454 2342 sormo-

180 2378 238 2429 20
281 2365 582 2427 sissimum
626 2365 845 2441 filium,
891 2366 1215 2445 excogitavi
1261 2366 1584 2434 rationem,
1631 2382 1749 2442 qua
1793 2384 1915 2426 non
1964 2383 2151 2426 essem
2183 2366 2336 2445 patri
2366 2368 2453 2426 fa-

283 2450 479 2511 miliae
503 2458 819 2530 suspectus
849 2458 1093 2512 amator.
1154 2451 1633 2530 quotiescunque
1663 2450 1821 2511 enim
1857 2450 1917 2510 in
1950 2451 2220 2511 convivio
2245 2452 2317 2512 de
2341 2470 2452 2513 usu

282 2535 693 2597 formosorum
722 2536 947 2598 mentio
979 2537 1134 2597 sacta
1164 2546 1272 2609 est,
1304 2545 1425 2597 tam
1455 2536 1838 2597 vehementer
1866 2535 2177 2609 excandui,
2209 2544 2329 2597 tam
2359 2556 2452 2598 se-

283 2639 424 2682 vera
454 2621 695 2683 tristitia
738 2621 938 2682 violari
984 2640 1157 2683 aures
1200 2640 1360 2683 meas
1405 2621 1666 2683 obsceno
1711 2639 1987 2683 sermone
2019 2622 2217 2695 nolui,
2263 2630 2329 2682 ut
2358 2639 2453 2682 me

286 2715 479 2767 mater
509 2707 830 2787 praecipue
858 2715 1141 2786 tanquam
1187 2726 1377 2768 unum
1421 2726 1494 2768 ex
1526 2706 1895 2787 philosophis
1924 2708 2280 2769 intueretur.
2339 2707 2455 2767 iam

182 2802 239 2853 25
284 2812 398 2872 ego
429 2810 747 2872 coeperam
776 2792 1076 2872 ephebum
1105 2792 1166 2853 in
1199 2792 1573 2872 gymnasium
1597 2793 1926 2866 deducere,
1960 2811 2071 2872 ego
2104 2792 2295 2855 studia
2326 2793 2454 2854 eius

287 2878 596 2952 ordinare,
645 2896 755 2956 ego
787 2878 1002 2939 docere
1032 2896 1101 2939 ac
1147 2878 1522 2959 praecipere,
1569 2897 1645 2939 ne
1678 2879 1811 2957 quis
1840 2879 2156 2959 praedator
2184 2879 2455 2959 corporis

285 2963 703 3024 admitteretur
731 2963 792 3023 in
825 2965 1068 3024 domum

1364 3069 1397 3107 *

461 3133 617 3194 forte
649 3151 787 3193 cum
817 3134 879 3194 in
912 3132 1167 3194 triclinio
1198 3132 1528 3194 laceremus
1547 3177 1563 3206 ,
1594 3133 1731 3211 quia
1760 3132 1884 3194 dies
1914 3132 2219 3194 sollemnis
2248 3134 2452 3194 ludum

289 3226 578 3280 artaverat
634 3219 1053 3298 pigritiamque
1109 3217 1426 3279 recedendi
1487 3218 1849 3297 imposuerat
1891 3218 2153 3279 hilaritas
2197 3218 2452 3297 longior,

186 3314 243 3366 30
286 3306 412 3365 sere
456 3304 615 3366 circa
660 3304 912 3366 mediam
958 3313 1195 3364 noctem
1238 3303 1501 3364 intellexi
1531 3322 1787 3383 puerum
1814 3303 2073 3381 vigilare.
2133 3303 2333 3380 itaque
2379 3304 2453 3364 ti-

291 3389 617 3451 midissimo
647 3408 953 3451 murmure
984 3398 1184 3449 votum
1212 3388 1327 3450 feci
1373 3397 1431 3449 et
1466 3388 1783 3450 “domina'’
1810 3388 2052 3465 inquam
2099 3387 2361 3462 “Venus,
2405 3389 2454 3450 si

290 3493 400 3554 ego
432 3476 596 3535 hunc
630 3492 882 3555 puerum
913 3475 1244 3545 basiavero,
1291 3473 1371 3534 ita
1402 3483 1469 3535 ut
1496 3474 1593 3535 ille
1627 3493 1751 3534 non
1783 3473 2028 3547 sentiat,
2073 3491 2203 3535 cras
2232 3474 2316 3535 illi
2345 3493 2455 3554 par

290 3559 701 3621 columbarum
764 3559 1061 3621 donabo'’.
1148 3558 1346 3619 audito
1393 3559 1706 3638 voluptatis
1763 3557 1954 3636 pretio
2000 3577 2150 3638 puer
2203 3568 2454 3622 stertere

292 3645 505 3726 coepit.
551 3645 752 3723 itaque
783 3663 1098 3725 aggressus
1128 3644 1508 3706 simulantem
1537 3644 1761 3722 aliquot
1782 3643 2020 3705 basiolis
2049 3644 2251 3707 invasi.
2306 3665 2455 3707 con-

190 3741 244 3789 35
290 3738 492 3792 tentus
537 3730 654 3791 hoc
698 3730 993 3810 principio
1026 3730 1181 3791 bene
1211 3747 1384 3790 mane
1415 3729 1647 3791 surrexi
1677 3728 2053 3807 electumque
2086 3749 2194 3810 par
2223 3732 2452 3794 colum-

294 3815 501 3877 barum
533 3815 701 3876 attuli
732 3816 1065 3896 expectanti
1094 3834 1163 3877 ac
1193 3834 1288 3876 me
1318 3826 1455 3876 voto
1500 3813 1736 3875 exsolvi.
1797 3814 2064 3893 proxima
2111 3826 2287 3878 nocte
2318 3836 2449 3879 cum
2474 3814 2554 3877 86

466 4022 495 4070 7
534 4018 789 4084 inspicere
824 4018 845 4081 ΙΙ
882 4021 942 4070 10
977 4018 1230 4069 iactantur
1270 4014 1289 4082 ΙΙ
1340 4020 1395 4069 11
1437 4017 1578 4068 malo
1613 4016 1819 4082 illae-et
1853 4018 2054 4084 positae
2097 4016 2118 4083 ΙΙ
2168 4021 2225 4070 17
2262 4034 2453 4069 nomen

200 4091 204 4098 ’
290 4090 579 4140 narrantis
612 4086 914 4153 adpositum
950 4091 1070 4137 erat
1104 4085 1383 4151 Eumolpus
1409 4083 1429 4152 ΙΙ
1457 4088 1520 4137 29
1557 4089 1716 4136 immo
1754 4085 2006 4138 adtulerat
