2881 4580
487 270 521 339 1
531 268 610 328 48
1405 268 1701 324 CARMINA

716 460 827 503 nec
857 441 1182 504 seminosas
1210 443 1281 503 ad
1312 441 1652 505 cucurbitas
1674 461 2030 524 quemquam

714 527 786 588 ad
819 527 1148 589 ocimumve
1180 546 1647 608 cucumeresque
1670 529 1835 590 humi
1868 531 2033 593 fusos

712 613 912 674 venire
944 612 1143 691 credo,
1176 613 1482 675 sessilesve
1514 613 1775 675 lactucas

713 715 997 777 acresque
1027 716 1237 778 caepas
1264 699 1567 778 aliumque
1595 701 1873 773 furatum,

714 801 826 844 nec
858 792 923 844 ut
951 784 1173 845 salaces
1204 793 1380 845 nocte
1410 784 1578 846 tollat
1608 802 1818 847 erucas

712 877 1095 948 mentamque
1127 869 1385 930 olentem
1417 887 1553 931 cum
1583 870 1919 933 salubribus
1948 872 2117 934 rutis.

712 972 862 1033 quae
892 964 1109 1015 cuncta
1140 953 1402 1034 quamvis
1433 963 1640 1017 nostro
1670 953 1958 1019 habemus
1989 957 2049 1019 in
2082 966 2304 1038 saepto,

715 1057 837 1100 non
870 1039 1151 1119 pauciora
1180 1040 1437 1120 proximi
1468 1041 1672 1101 ferunt
1700 1040 1879 1102 horti.
2412 1039 2419 1048 '

569 1134 628 1184 25
714 1123 932 1202 quibus
961 1125 1180 1186 relictis
1211 1125 1271 1186 in
1307 1124 1450 1186 mihi
1481 1125 1811 1187 laboratum

712 1209 908 1270 locum
937 1210 1170 1284 venitis,
1204 1208 1624 1290 improbissimi
1657 1211 1847 1272 fures:

713 1294 993 1356 nimirum
1025 1303 1290 1375 apertam,
1318 1296 1645 1357 convolatis
1676 1295 1745 1357 ad
1778 1314 2054 1375 poenam,

713 1380 827 1441 hoc
856 1399 962 1442 vos
992 1388 1052 1441 et
1081 1381 1296 1461 ipsum,
1327 1380 1489 1460 quod
1518 1381 1834 1457 minamur,
1867 1381 2093 1444 invitat.

570 708 630 844 8⁸3

1514 1533 1617 1594 LII

713 1651 876 1713 Heus
905 1659 992 1724 tu,
1026 1669 1148 1713 non
1180 1649 1335 1712 bene
1367 1651 1471 1730 qui
1502 1669 1744 1713 manum
1773 1670 2047 1732 rapacem

713 1736 990 1797 mandato
1020 1735 1165 1797 mihi
1194 1737 1467 1798 contines
1497 1734 1571 1797 ab
1601 1737 1795 1810 horto,

714 1822 828 1882 iam
857 1820 1118 1901 primum
1145 1829 1331 1883 stator
1354 1821 1450 1882 hic
1472 1820 1826 1884 libidinosus

713 1906 959 1967 alternis
988 1913 1049 1967 et
1078 1906 1275 1968 eundo
1306 1914 1366 1968 et
1394 1907 1666 1968 exeundo

598 2004 629 2052 5
714 1999 887 2071 porta
915 2000 976 2053 te
1007 1991 1183 2053 faciet
1209 1991 1623 2072 patentiorem.

689 2076 1000 2138 ·accedent
1027 2077 1166 2150 duo,
1197 2077 1298 2155 qui
1328 2076 1484 2138 latus
1513 2085 1780 2151 tuentur,

710 2161 918 2243 pulcre
947 2159 1277 2242 pensilibus
1305 2162 1610 2242 peculiati;

712 2248 816 2328 qui
846 2266 983 2310 cum
1012 2256 1070 2309 te
1101 2246 1251 2308 male
1281 2247 1545 2310 foderint
1575 2247 1884 2322 iacentem,

715 2334 786 2395 ad
817 2341 1047 2414 partem
1077 2333 1276 2395 veniet
1303 2333 1461 2395 salax
1491 2334 1706 2395 asellus

572 2428 630 2480 10
714 2419 836 2480 nilo
868 2419 1129 2480 deterius
1158 2419 1546 2481 mutuniatus.

713 2522 899 2583 quare
929 2504 1028 2583 qui
1060 2504 1270 2585 sapiet,
1300 2504 1519 2565 malum
1552 2503 1796 2576 cavebit,

715 2607 851 2651 cum
883 2597 1112 2650 tantum
1143 2589 1290 2651 sciet
1319 2607 1447 2652 esse
1479 2586 1898 2651 mentularum.

1503 2741 1633 2802 LIII

717 2859 1046 2921 Contentus
1076 2859 1310 2922 modico
1341 2860 1609 2922 Bacchus
1640 2860 1791 2921 solet
1820 2878 1948 2922 esse
1978 2877 2233 2932 racemo,

793 2963 928 3005 cum
960 2945 1199 3026 capiant
1227 2945 1325 3007 alti
1355 2946 1451 3007 vix
1481 2946 1595 3007 cita
1626 2954 1817 3008 musta
1841 2945 2023 3020 lacuS‚

714 3047 1044 3110 magnaque
1076 3031 1346 3093 secundis
1375 3050 1512 3092 cum
1544 3030 1837 3093 messibus
1868 3048 2001 3091 area
2032 3030 2203 3112 desit,

509 3118 530 3150 ¹
792 3116 852 3176 in
887 3114 1120 3176 Cereris
1150 3115 1346 3178 crines
1375 3135 1496 3178 una
1527 3135 1748 3178 corona
1779 3117 1971 3177 datur.

596 3209 628 3260 5
713 3209 777 3262 tu
811 3218 1069 3279 quoque,
1100 3201 1229 3262 dive
1259 3201 1476 3278 minor,
1508 3202 1795 3263 maiorum
1830 3200 2094 3280 exempla
2125 3210 2385 3274 secutuS,

792 3286 1059 3366 quamvis
1085 3304 1272 3367 pauca
1301 3287 1529 3362 damus,
1562 3287 1809 3349 consule
1839 3304 2015 3367 poma
2045 3285 2209 3347 boni.

1482 3437 1641 3499 LIIII

716 3555 808 3617 CD
840 3557 889 3619 si
919 3555 1144 3619 scribas
1173 3565 1593 3636 temonemque
1624 3557 1871 3638 insuper
1899 3557 2094 3633 addas,

790 3641 893 3720 qui
922 3642 1184 3705 medium
1227 3642 1350 3704 vult
1381 3651 1439 3704 te
1470 3643 1762 3717 scindere,
1793 3641 1990 3722 pictus
2020 3642 2151 3704 erit.

654 3822 712 3874 LI
748 3824 813 3876 28
850 3829 903 3877 et
936 3840 1033 3879 vos
1066 3826 1166 3879 hoc
1200 3827 1367 3895 ipsum
1402 3826 1424 3893 ΙΙ
1461 3825 1542 3878 LII
1577 3829 1610 3879 4
1646 3826 1869 3879 ineundo
1905 3827 2063 3893 volgo
2095 3826 2104 3892 Ι
2136 3830 2167 3881 9
2202 3830 2407 3894 partum
2438 3828 2645 3894 plures.

488 3894 661 3957 partes
696 3891 993 3944 Salmasius
1038 3895 1047 3961 Ι
1098 3898 1161 3948 10
1197 3895 1325 3947 nihil
1361 3898 1460 3945 aut
1493 3899 1546 3946 et
1581 3893 1654 3946 nil
1689 3900 1789 3946 aut
1822 3895 1894 3948 nil
1930 3896 2033 3947 iam
2073 3893 2094 3964 ΙΙ
2142 3898 2202 3949 11
2253 3895 2363 3963 qui]
2415 3896 2460 3946 si
2499 3896 2645 3947 libri.

488 3957 657 4010 malus
691 3960 1051 4013 Baebi-ansius
1094 3962 1103 4029 Ι
1154 3965 1216 4017 12
1261 3963 1391 4015 sciat
1428 3962 1671 4015 Catullus
1704 3966 1755 4027 5,
1793 3965 1862 4016 14
1906 3963 1927 4031 Ι
1966 3962 2065 4016 LIII
2120 3967 2150 4018 2
2188 3962 2339 4017 altos·
2408 3962 2648 4025 fortasse

490 4026 660 4091 capiat
695 4026 885 4079 multus
910 4029 931 4096 u
954 4028 1072 4080 Lun
1111 4033 1136 4084 1
1173 4028 1247 4082 Ed
1283 4031 1328 4083 si
1358 4033 1367 4098 Ι
1399 4033 1430 4082 2
1467 4037 1520 4083 te
1556 4029 1671 4083 vult
1704 4032 1864 4098 volgo
