2881 4580
1237 294 1518 349 sArfflAE
2366 308 2449 366 99

170 462 271 513 LO
555 480 810 541 namque
840 463 937 525 illa
965 476 1123 528 metu
1157 466 1426 546 frigidior
1455 470 1683 548 rigente
1714 472 1921 536 bruma

553 550 905 627 confugerat
931 551 991 611 in
1022 552 1241 613 viscera
1272 554 1428 614 mille
1462 566 1664 634 operta
1697 560 1879 637 rugis·

549 632 629 693 ita
660 653 782 694 non
817 637 984 714 potui
1014 637 1303 717 supplicio
1333 649 1510 719 caput
1538 643 1787 721 aperire,

549 719 650 779 sed
681 720 995 782 furciferae
1026 723 1330 784 mortifero
1359 725 1571 786 timore
1601 728 1764 789 lusus

200 811 232 858 5
546 806 616 864 ad
650 805 843 876 verba,
873 807 1060 886 magis
1091 826 1239 885 quae
1270 819 1546 887 poterant
1576 831 1814 885 nocere,
1847 816 1989 895 fugi.

462 899 697 951 erectus
752 891 932 968 igitur
974 893 1033 953 in
1083 893 1348 954 cubitum
1393 896 1502 957 hac
1548 898 1671 958 fere
1716 900 1984 962 oratione
2029 913 2439 968 contumacem

283 974 516 1034 vexavi:
565 975 724 1053 ‘quid
768 976 931 1037 dicis’
962 977 1205 1057 inquam
1236 980 1524 1041 ‘omnium
1569 983 1873 1046 hominum
1918 987 2286 1068 deorumque
2329 1010 2440 1071 pu-

284 1056 444 1118 dor?
492 1079 627 1120 nam
676 1079 751 1121 ne
797 1062 1108 1124 nominare
1153 1064 1389 1142 quidem
1422 1075 1481 1126 te
1511 1067 1669 1128 inter
1698 1087 1797 1131 res
1826 1072 2009 1133 serias
2038 1074 2131 1134 stis
2157 1083 2264 1135 est.
2325 1077 2440 1137 hoc

194 1138 243 1188 L
284 1143 359 1204 de
404 1153 464 1206 te
509 1146 730 1220 merui,
776 1155 842 1206 ut
885 1165 980 1208 me
1024 1148 1084 1209 in
1133 1150 1295 1209 caelo
1327 1151 1584 1228 positum
1618 1153 1690 1212 ad
1720 1155 1945 1217 inferos
1974 1157 2284 1222 traheres?
2321 1158 2332 1241 Ι
2372 1173 2438 1222 ut

172 1228 232 1277 10
281 1231 629 1293 traduceres
682 1250 874 1292 annos
931 1233 1123 1311 primo
1178 1235 1463 1296 florentes
1519 1237 1716 1316 vigore
1760 1250 2154 1321 senectaeque
2197 1245 2436 1307 ultimae

282 1317 428 1377 mihi
461 1317 865 1378 lassitudinem
895 1317 1279 1397 imponeres?
1323 1339 1472 1399 rogo
1503 1330 1591 1394 te,
1638 1325 1778 1385 mihi
1810 1326 2089 1404 apodixin
2120 1328 2435 1393 defuncto-

280 1403 433 1464 riam
464 1401 682 1464 redde'.
742 1404 886 1463 haec
916 1411 984 1464 ut
1009 1405 1196 1465 iratus
1223 1405 1422 1477 effudi,

172 1485 269 1538 LO
492 1488 503 1567 Ι
544 1487 657 1547 ‘illa
688 1488 814 1550 solo
844 1489 994 1550 fixos
1024 1489 1229 1551 oculos
1259 1509 1459 1551 aversa
1488 1492 1746 1563 tenebat,

542 1591 655 1633 nec
682 1574 869 1651 magis
897 1574 1139 1654 incepto
1168 1574 1393 1636 vultum
1425 1594 1702 1638 sermone
1730 1587 1997 1640 movetur

170 1666 226 1716 15
538 1676 711 1737 quam
740 1659 937 1720 lentae
966 1660 1173 1722 salices
1202 1660 1423 1721 lassove
1457 1679 1742 1742 papavera
1774 1664 1969 1725 collo.’

452 1762 565 1804 nec
610 1744 809 1805 minus
853 1762 963 1823 ego
1007 1754 1125 1806 tam
1167 1747 1334 1807 foeda
1368 1745 1783 1825 obiurgatione
1814 1749 1980 1810 finita
2009 1751 2428 1830 paenitentiam

273 1847 453 1909 agere
482 1830 775 1890 sermonis
806 1831 921 1890 mei
951 1832 1128 1910 coepi¹
1148 1839 1498 1910 secretoque
1527 1832 1747 1894 rubore
1778 1836 2087 1913 perfundi,
2132 1838 2290 1915 quod
2322 1839 2430 1899 ob-

271 1914 416 1976 litus
460 1915 850 1977 verecundiae
894 1933 1060 1976 meae
1091 1934 1227 1976 cum
1259 1935 1323 1977 ea
1356 1926 1525 2001 parte
1552 1922 1823 1998 corporis
1850 1921 2027 1981 verba
2057 1922 2428 1995 contulerim,

273 2018 454 2078 quam
502 2019 579 2061 ne
623 2000 693 2060 ad
738 2001 1138 2079 cognitionem
1170 2001 1406 2080 quidem
1439 2004 1745 2065 admittere
1772 2007 2084 2068 severioris
2115 2016 2289 2069 notae
2319 2009 2426 2070 ho-

163 2093 223 2143 m
268 2085 464 2147 mines
509 2085 790 2146 solerent.
851 2104 994 2146 mox¹
1034 2088 1347 2165 perfricata
1392 2088 1613 2150 diutius
1654 2091 1850 2150 fronte
1882 2092 2040 2169 ‘quid
2070 2102 2264 2153 autem
2296 2094 2428 2173 ego'

272 2171 517 2250 inquam
551 2170 703 2231 ‘mali
735 2171 868 2244 feci,
900 2173 949 2233 si
979 2172 1244 2232 dolorem
1275 2190 1476 2233 meum
1502 2173 1752 2235 naturali
1777 2176 2045 2236 convicio
2067 2176 2426 2237 exoneravi?

273 2265 375 2318 aut
404 2255 548 2337 quid
580 2265 667 2318 est
699 2256 856 2335 quod
885 2256 949 2318 in
983 2275 1235 2337 corpore
1266 2258 1529 2318 humano
1559 2259 1751 2320 ventri
1770 2261 1923 2321 male
1949 2260 2147 2323 dicere
2169 2262 2426 2323 solemus

270 2351 374 2403 aut
417 2342 588 2423 gulae
634 2342 928 2421 capitique
973 2344 1173 2416 etiam,
1231 2361 1366 2404 cum
1413 2344 1648 2423 saepius
1693 2343 1894 2405 dolet?
1953 2344 2138 2423 quid?
2198 2367 2319 2408 non
2367 2360 2425 2409 et

183 2434 232 2484 L
271 2428 467 2490 Vlixes
496 2446 633 2489 cum
665 2426 844 2488 corde
875 2428 1230 2507 litigatsum
1271 2430 1280 2502 Ι
1319 2427 1646 2506 etquidem
1667 2430 1876 2507 tragici
1899 2431 2104 2492 oculos
2126 2451 2265 2493 suos
2289 2441 2422 2493 tan-

159 2526 218 2575 25
265 2532 445 2593 quam
489 2513 798 2574 audientes
841 2511 1168 2591 castigant?
1216 2513 1519 2593 podagrici
1564 2513 1816 2592 pedibus
1858 2516 1981 2577 suis
2012 2517 2164 2578 male
2194 2517 2420 2591 dicunt,

268 2599 585 2679 chiragrici
615 2597 909 2671 manibus,
940 2597 1085 2678 lippi
1117 2598 1321 2671 0011118,
1356 2606 1417 2659 et
1446 2598 1547 2677 qui
1581 2600 1962 2662 offenderunt
1984 2603 2421 2683 saepe-digitos

268 2684 554 2764 quicquid
582 2683 805 2744 doloris
834 2683 1073 2757 habent,
1105 2684 1165 2745 in
1198 2685 1381 2763 pedes
1410 2684 1722 2745 deferunt:

159 2776 253 2826 LO
476 2772 487 2846 1
526 2769 667 2848 quid
697 2787 795 2828 me
823 2770 1141 2831 constricta
1171 2769 1448 2850 spectatis
1477 2770 1676 2831 fronte
1709 2770 1962 2832 Catones

608 2853 1014 2932 damnatisque
1045 2873 1235 2915 novae
1262 2855 1653 2934 simplicitatis
1684 2854 1877 2935 opus?

156 2952 215 3002 30
519 2939 822 3001 sermonis—
839 2939 974 3018 puri
1008 2958 1128 3001 non
1160 2939 1350 3001 tristis
1374 2940 1561 3019 gratia
1591 2940 1762 3015 ridet,

607 3024 883 3103 quodque
913 3025 1058 3085 facit·
1081 3025 1636 3104 populussoandida
1665 3025 1866 3105 lingua
1898 3028 2112 3102 resert3

522 3129 656 3170 nam
690 3109 823 3188 quis
853 3109 1225 3183 concubitus,
1257 3109 1505 3170 Veneris
1535 3111 1668 3188 quis
1697 3112 1905 3188 gaudia
1937 3110 2172 3174 nescit?

605 3195 736 3274 quis
768 3204 921 3256 vetat
947 3196 1010 3255 in
1043 3195 1239 3274 tepido
1273 3194 1535 3255 membra
1564 3196 1755 3256 calere
1785 3195 1964 3257 toro?

517 3281 644 3362 ipse
674 3289 842 3359 pater
873 3280 992 3341 veri
1023 3279 1231 3341 doctos
1261 3279 1555 3359 Epicurus
1584 3299 1780 3342 amare

155 3331 224 3425 35⁵
599 3365 769 3427 iussit
800 3376 859 3426 et
887 3366 1001 3427 hoo
1032 3365 1209 3426 vitam
1237 3364 1632 3427 dixit-habere
1660 3365 1870 3439 ‘telos-⁹

181 3544 220 3593 L
423 3532 436 3615 Ι
474 3535 642 3596 ι1111111
672 3545 763 3597 est
790 3471 1746 3616 hominumdnepmfpersuasione
1777 3534 2124 3595 falsiusnec
2153 3534 2287 3594 ficta
2315 3553 2414 3596 se-

255 3620 503 3682 veritate
536 3620 812 3700 ineptius’
1233 3722 1235 3726 y
1309 3675 1345 3739 A*

151 3792 246 3842 LO
420 3785 432 3869 Ι
471 3789 581 3849 hac
610 3788 1040 3850 declamatione
1070 3790 1229 3849 finita
1255 3789 1465 3849 Gitona
1497 3807 1643 3848 voco
1676 3799 1735 3849 et
1758 3793 1954 3849 ‘narra
1986 3788 2148 3850 mihi?
2169 3788 2411 3869 inquam
2462 3803 2582 3866 133

259 3875 477 3947 ‘frater‚
504 3875 729 3935 seth'ua
750 3874 894 3935 fide:
921 3893 988 3935 ea
1013 3884 1208 3948 nocte,
1235 3892 1350 3953 qua
1377 3872 1599 3933 temihi
1615 3873 1882 3953 Ascyltos
1897 3874 2198 3949 subduxit,
2221 3891 2412 3955 usque

423 4010 487 4061 20
509 4011 678 4059 antem
708 4023 804 4058 om.
830 4008 874 4058 L
897 4007 916 4075 ΙΙ
943 4007 1275 4072 28spectatis
1299 4006 1576 4058 constricta
1594 4006 1979 4073 libriplem'que
2005 4006 2037 4074 ΙΙ«
2057 4010 2121 4061 33
2142 4012 2282 4074 petat
2307 4008 2325 4074 ΙΙ
2352 4010 2420 4061 34

258 4075 438 4129 doctus
474 4074 725 4141 Epicurus
761 4077 813 4126 in
851 4081 958 4127 arte
994 4077 1079 4127 vel
1113 4090 1227 4127 arce
1254 4074 1273 4143 ΙΙ
1304 4077 1368 4129 35
1406 4075 1539 4127 hanc
1576 4075 1734 4127 vitain
1768 4081 1821 4127 et
1857 4075 1985 4127 deos
2018 4076 2147 4127 libri
2173 4076 2419 4141 plenoque

1932 4159 2006 4211 7*
