2881 4580
482 276 562 333 48
1489 272 1796 331 PETRONII

481 443 823 510 carissime?
910 446 1179 509 aedificas
1235 456 1691 513 monumentum
1748 465 1942 509 meum
1962 493 1978 518 ,
2036 447 2527 527 quemadmodum
2572 458 2633 508 te
2659 457 2714 506 H

480 529 669 595 iussi?
726 530 891 593 valde
919 541 978 592 te
1008 549 1189 611 rogo,
1237 539 1300 591 ut
1342 531 1671 594 secundum
1705 533 1881 612 pedes
1922 542 2144 595 statuae
2173 551 2335 595 meae
2365 532 2636 595 catellam

481 635 671 699 ponas
714 628 773 678 et
817 635 1069 678 coronas
1113 627 1171 677 et
1216 627 1520 696 unguenta
1565 629 1623 680 et
1666 617 1937 680 Petraitis
1993 635 2202 680 omnes
2246 636 2506 698 pugnaS‚
2571 629 2637 680 ut

481 702 625 764 mihi
670 702 975 783 contingat
1016 710 1121 763 tuo
1166 699 1456 763 beneficio
1501 712 1638 783 post
1680 713 1930 764 mortem
1962 703 2187 777 vivere3
2233 713 2537 783 praeterea
2569 714 2637 765 ut

481 788 603 851 sint
630 787 692 848 in
724 790 920 850 fronte
951 786 1132 866 pedes
1161 796 1421 861 centum,
1461 788 1522 849 in
1555 806 1762 868 agrum
1792 788 1973 868 pedes
2003 789 2261 850 ducenti.
2322 807 2499 850 omne
2530 807 2634 869 ge·
2679 805 2711 853 5

484 892 598 935 nus
627 873 782 934 enim
815 891 986 953 poma
1010 872 1142 933 volo
1165 872 1287 934 sint
1315 872 1470 934 circa
1495 873 1726 937 cineres
1746 892 1931 947 meos,
1962 884 2022 934 et
2043 874 2347 936 vinearum
2368 873 2628 953 largiter.

481 957 644 1020 valde
689 959 847 1019 enim
895 957 1102 1018 falsum
1147 969 1236 1019 est
1264 957 1391 1020 vivo
1415 959 1650 1038 quidem
1692 959 1899 1021 domos
1929 959 2116 1020 cultas
2146 978 2310 1034 esse;
2339 978 2483 1021 non
2529 977 2634 1019 cu-

483 1043 600 1104 rari
633 1062 766 1115 eaS,
811 1042 913 1104 ubi
945 1041 1162 1104 diutius
1207 1042 1380 1106 nobis
1420 1042 1801 1105 habitandum
1849 1054 1954 1106 est.
2015 1054 2076 1106 et
2105 1044 2235 1105 ideo
2267 1052 2405 1105 ante
2435 1045 2634 1105 omnia

481 1128 632 1189 adici
661 1126 825 1189 volo:
857 1128 1011 1188 “hoc
1040 1139 1492 1190 monumentum
1522 1127 1799 1190 heredem
1833 1147 1955 1191 non
1985 1127 2310 1208 sequitur''.
2368 1139 2633 1190 ceterum

483 1213 596 1274 erit
624 1213 765 1274 mihi
793 1231 1001 1287 curae,
1032 1222 1099 1273 ut
1126 1221 1477 1276 testamento
1508 1232 1772 1285 caveam,
1818 1233 1894 1275 ne
1933 1223 2204 1277 mortuus
2233 1214 2507 1276 iniuriam
2538 1233 2635 1275 ac·
2681 1229 2737 1279 10

483 1297 715 1377 cipiam.
776 1315 1140 1378 praeponam
1186 1299 1343 1359 enim
1389 1317 1576 1360 unum
1608 1318 1680 1361 ex
1709 1298 1935 1361 libertis
1961 1299 2236 1379 sepulcro
2265 1318 2399 1360 meo
2431 1311 2632 1361 custo-

483 1384 612 1445 diae
642 1401 846 1457 causa,
894 1402 970 1444 ne
1013 1383 1074 1444 in
1105 1394 1561 1447 monumentum
1592 1402 1789 1444 meum
1819 1384 2077 1464 populus
2117 1394 2384 1445 cacatum
2415 1394 2633 1445 currat.

483 1478 540 1529 te
569 1486 716 1548 rogo
734 1514 749 1542 ‚
798 1479 862 1530 ut
889 1487 1065 1530 naves
1095 1468 1268 1530 etiam
1677 1470 2050 1530 monumenti
2092 1469 2205 1530 mei
2236 1468 2414 1530 facias
2443 1469 2635 1548 plenis

481 1553 623 1615 velis
655 1564 881 1627 eunteS,
914 1563 973 1614 et
1000 1573 1095 1614 me
1126 1553 1186 1614 in
1218 1553 1498 1615 tribunali
1528 1553 1831 1614 sedentem
1861 1562 2285 1633 praetextatum
2317 1572 2451 1615 cum
2483 1573 2632 1615 anu·

482 1639 554 1700 lis
583 1639 779 1701 aureis
809 1638 1075 1718 quinque
1106 1646 1167 1699 et
1196 1657 1472 1700 nummos
1493 1638 1553 1699 in
1580 1637 1818 1718 publico
1843 1639 1916 1700 de
1938 1639 2174 1701 sacculo
2198 1639 2635 1715 effundentem3
2682 1652 2736 1705 15

481 1723 597 1785 scis
628 1723 809 1797 enim,
842 1722 999 1803 quod
1033 1723 1274 1802 epulum
1304 1723 1435 1785 dedi
1467 1723 1641 1785 binos
1671 1725 1963 1786 denarios.
2023 1724 2287 1797 saciatur,
2332 1724 2383 1785 si
2412 1723 2518 1785 tibi
2551 1724 2632 1784 vi·
2689 1722 2692 1725 ’

483 1808 687 1882 detur,
730 1818 790 1870 et
816 1808 1091 1869 triclinia.
1151 1808 1329 1870 facias
1359 1817 1419 1869 et
1449 1817 1639 1869 totum
1667 1809 1954 1889 populum
1985 1809 2098 1871 sibi
2128 1809 2382 1871 suaviter
2411 1810 2634 1871 facien-

482 1903 621 1954 tem.
696 1894 765 1954 ad
812 1892 1111 1954 dexteram
1154 1911 1343 1955 meam
1389 1912 1578 1973 ponas
1623 1904 1869 1956 statuam
1916 1893 2273 1956 Fortunatae
2318 1912 2483 1955 meae
2529 1912 2633 1954 co-

482 1976 743 2039 lumbam
775 1986 1108 2039 tenentem:
1153 1988 1213 2039 et
1241 1979 1505 2040 catellam
1538 1979 1776 2059 cingulo
1806 1980 2093 2059 alligatam
2126 1978 2331 2041 ducat:
2378 1989 2437 2039 et
2479 1980 2635 2040 cica-

481 2082 691 2124 ronem
722 2082 941 2138 meum,
972 2075 1032 2125 et
1058 2064 1372 2144 amphoras
1401 2064 1671 2144 copiosas
1699 2074 2002 2145 gypsatas,
2034 2084 2111 2124 ne
2141 2064 2387 2126 effluant
2412 2061 2635 2125 vinum.
2680 2079 2735 2128 20

483 2156 542 2209 et
569 2167 779 2210 urnam
811 2149 949 2210 licet
978 2150 1220 2211 fractam
1248 2149 1502 2230 sculpas,
1533 2159 1593 2210 et
1618 2168 1798 2229 super
1827 2169 1956 2212 eam
1998 2168 2248 2230 puerum
2281 2148 2632 2229 plorantem.

481 2234 851 2316 horologium
885 2234 945 2297 in
978 2235 1192 2310 medie,
1222 2243 1287 2298 ut
1317 2235 1585 2316 quisquis
1614 2236 1789 2297 horas
1820 2235 2125 2316 inspiciet,
2156 2235 2294 2297 velit
2324 2235 2490 2310 nolit,
2524 2254 2635 2298 no-

482 2340 620 2382 men
652 2340 848 2383 meum
879 2321 1051 2401 legat.
1110 2321 1418 2402 inscriptio
1451 2341 1689 2401 quoque
1733 2322 1859 2384 vide
1902 2322 2215 2401 diligenter
2260 2321 2308 2382 si
2355 2321 2498 2382 haec
2542 2340 2635 2383 sa-

483 2406 559 2467 tis
587 2406 799 2468 idonea
828 2406 934 2468 tibi
979 2407 1238 2468 videtur:
1282 2407 1385 2469 “C.
1418 2406 1736 2487 Pompeius
1764 2407 2118 2469 Trimalchio
2164 2406 2636 2468 Maecenatianus

482 2491 578 2551 hic
609 2492 944 2571 requiescit.
1001 2492 1143 2554 huic
1187 2492 1471 2554 seviratus
1512 2490 1743 2555 absenti
1787 2492 2063 2566 decretus
2103 2501 2210 2554 est.
2271 2510 2404 2552 cum
2438 2501 2637 2571 posset
2682 2504 2735 2555 25

483 2575 543 2636 in
577 2577 853 2639 omnibus
883 2577 1138 2639 decuriis
1157 2577 1380 2639 Romae
1411 2595 1558 2652 esse,
1590 2587 1786 2638 tamen
1819 2578 2029 2640 noluit.
2088 2577 2240 2657 pius,
2271 2576 2458 2652 sortis,
2489 2576 2635 2638 fide-

481 2661 582 2735 lis,
629 2681 699 2723 ex
732 2680 911 2742 parvo
956 2662 1165 2736 crevit,
1195 2662 1529 2724 sestertium
1560 2662 1797 2741 reliquit
1825 2662 2170 2737 trecenties,
2217 2681 2330 2723 nec
2369 2679 2634 2741 unquam

480 2745 897 2826 philosophum
929 2747 1164 2808 audivit.
1224 2747 1378 2808 vale:
1411 2756 1471 2809 et
1497 2746 1619 2808 tu'’.

383 2833 464 2893 72
651 2831 797 2891 haec
841 2841 907 2891 ut
949 2831 1094 2892 dixit
1133 2831 1517 2907 Trimalchio,
1573 2831 1716 2893 flere
1761 2833 1956 2913 coepit
1996 2830 2269 2892 ubertim.
2357 2830 2535 2893 flebat
2578 2840 2638 2893 et

484 2913 838 2988 Fortunata,
869 2915 1047 2978 flebat
1070 2926 1135 2978 et
1162 2916 1486 2992 HabinnaS‚
1530 2927 1650 2978 tota
1681 2918 1939 2997 denique
1969 2916 2216 2990 familia,
2262 2926 2540 2996 tanquam
2573 2917 2634 2978 in
2678 2929 2735 2980 30

481 3000 664 3061 funus
694 3010 925 3080 rogata,
971 3001 1390 3064 lamentatione
1419 3003 1741 3064 triclinium
1773 3002 2053 3083 implevit.
2113 3002 2292 3063 immo
2338 3001 2450 3063 iam
2496 3021 2635 3064 coe-

481 3102 685 3164 peram
731 3087 904 3148 etiam
961 3106 1071 3168 ego
1128 3087 1393 3168 plorare,
1438 3107 1575 3150 cum
1613 3087 1968 3149 Trimalchio
2016 3087 2196 3167 ‘ergo’
2241 3087 2433 3166 inquit
2477 3093 2635 3150 ‘cum

482 3169 735 3233 sciamus
767 3192 876 3235 nos
905 3173 1226 3236 morituros
1256 3193 1413 3245 esse,
1459 3191 1642 3252 quare
1674 3192 1795 3234 non
1826 3171 2126 3235 vivamus?
2171 3173 2255 3235 sic
2297 3192 2402 3234 vos
2431 3173 2635 3235 felices

479 3255 731 3331 videam,
781 3257 1140 3321 coniciamus
1171 3278 1283 3320 nos
1312 3259 1373 3320 in
1405 3258 1717 3332 balneum,
1763 3278 1896 3321 meo
1927 3259 2225 3338 periculo,
2271 3277 2395 3319 non
2427 3258 2635 3337 paeni-

481 3341 644 3402 tebit.
688 3342 772 3404 sic
802 3345 950 3405 calet
977 3353 1254 3424 tanquam
1287 3342 1538 3405 furnus’.
1583 3349 1761 3416 ‘vero,
1791 3343 1952 3405 vero’
1982 3343 2177 3422 inquit
2205 3342 2512 3404 Habinnas
2545 3342 2636 3404 ‘de
2678 3354 2734 3403 35

480 3444 598 3487 una
642 3427 735 3488 die
780 3429 922 3490 duas
963 3430 1190 3504 facere,
1239 3429 1382 3490 nihil
1425 3428 1598 3490 malo’
1645 3428 1936 3508 nudisque
1981 3428 2355 3489 consurrexit
2383 3427 2635 3508 pedibus

482 3521 541 3570 et
569 3511 1063 3576 Trimalchionem
1095 3513 1474 3595 plaudentem
1504 3513 1785 3592 subsequi
1814 3518 2007 3595 coepit.

650 3616 760 3676 ego
790 3599 1116 3678 respiciens
1138 3599 1208 3662 ad
1224 3600 1501 3680 Ascylton
1528 3598 1687 3677 ‘quid
1718 3599 1942 3679 cogitas
1957 3595 2005 3659 ‘2’
2036 3599 2277 3677 inquam
2309 3605 2439 3677 ‘ego
2470 3596 2633 3658 enim

479 3679 530 3739 si
572 3679 769 3742 videro
814 3683 1120 3757 balneum,
1164 3684 1361 3746 statim
1404 3683 1722 3763 expirabo’.
1811 3682 2232 3747 ‘assectemur’
2276 3682 2356 3743 ait
2412 3681 2509 3743 ille
2555 3689 2635 3744 ‘et

481 3763 620 3824 dum
651 3765 733 3827 illi
763 3767 1037 3830 balneum
1069 3778 1313 3849 petunt,
1356 3789 1470 3832 nos
1500 3770 1559 3830 in
1593 3769 1766 3830 turba
1798 3768 2109 3830 exeamus’.
2167 3787 2303 3830 cum
2333 3767 2479 3828 haec
2509 3767 2635 3847 pla-
2679 3779 2739 3829 40

652 3903 683 3953 3
727 3901 909 3968 pingas
956 3900 965 3968 Ι
1014 3900 1268 3966 Petraitis]
1322 3901 1394 3963 el'.
1447 3907 1609 3969 capul
1657 3902 1727 3954 52
1766 3901 1787 3968 ΙΙ
1831 3904 1862 3953 9
1916 3917 1973 3955 se
2012 3907 2160 3953 natur
2201 3901 2222 3969 Ι
2265 3903 2328 3954 16
2380 3900 2632 3953 faciantur

487 3964 709 4018 Gnosius
735 3969 755 4037 u
782 3972 841 4021 17
882 3968 1037 4022 facies
1063 3969 1084 4038 ΙΙ
1109 3972 1169 4021 21
1210 3976 1262 4021 et
1297 3985 1450 4023 unam
1481 3972 1489 4036 Ι
1518 3970 1718 4022 scilicet
1766 3970 1967 4035 Segeba
2008 3974 2096 4021 ius
2119 3969 2140 4036 ΙΙ
2165 3972 2230 4022 37
2267 3968 2575 4036 gaudentem
2612 3969 2633 4038 Ι

483 4034 550 4085 39
587 4045 906 4089 assentemur
940 4042 993 4088 et
1026 4040 1084 4088 in
1119 4041 1367 4103 marg-ine
1403 4039 1469 4091 al.
1507 4038 1829 4091 absentemur
