2881 4580
1119 296 1497 350 MENIPPEAE
2257 295 2380 356 203

1167 469 1326 530 VIIII

637 570 793 632 cedit
821 570 1121 634 velocibus
1150 472 1681 633 iuveni'cssembris
1709 571 1850 633 levis
2429 585 2516 635 393

639 655 858 717 nitidus
889 657 1020 718 oleo

1201 773 1254 834 X
1284 776 1413 852 (12)

638 876 869 938 demitis
903 877 1054 939 acris
1084 883 1328 957 pectore
1360 895 1534 939 curas
1567 881 1746 939 cantu
1778 888 2053 957 castaque
2083 879 2251 957 poesi
2428 891 2514 944 394

1182 994 1263 1056 x1
1294 997 1424 1074 (11)

379 1182 391 1194 ⁶
440 1097 628 1176 pudet
656 1115 748 1159 me
787 1097 871 1158 tui
904 1105 963 1159 et
989 1096 1287 1158 Musarum
1338 1114 1406 1158 ac
1437 1098 1660 1171 nostri,
1713 1097 1873 1178 piget
1904 1115 2145 1160 currere
2178 1108 2237 1159 et
2266 1118 2384 1161 una
2430 1111 2516 1163 395

222 1200 393 1262 sequ1

440 1367 778 1430 micandum
808 1368 922 1429 erit
948 1387 1082 1431 cum
1115 1267 1366 1443 διξῗοὲἶ
1379 1272 1589 1431 (Rtrum
1622 1387 1731 1449 ego
1776 1369 1932 1430 illius
1964 1387 2276 1432 numerum
2310 1390 2384 1432 an
2429 1384 2516 1434 396

226 1454 323 1516 ille
353 1471 550 1514 meum
582 1462 866 1532 sequatur

1155 1538 1288 1599 XIII
1326 1539 1460 1624 (13)

439 1639 622 1721 patris
650 1640 828 1701 huius
860 1648 1187 1702 nascuntur
1216 1640 1386 1720 pueri
1416 1640 1727 1721 rhythmus
1758 1650 1817 1701 et
1850 1639 2037 1702 melos
2422 1651 2509 1702 39¹1

1141 1758 1304 1819 XIIII
1329 1760 1460 1837 (14)

439 1879 649 1941 poema
680 1871 771 1922 est
799 1860 944 1922 lexis
974 1861 1354 1941 eurythmos‚
1399 1862 1456 1923 id
1502 1870 1592 1924 est
1618 1861 1796 1923 verba
1841 1861 2008 1942 plura
2061 1861 2287 1923 modice
2321 1862 2379 1923 in
2426 1873 2513 1924 398

226 1947 520 2027 quandam
554 1945 824 2008 coniecta
847 1947 1117 2020 formam,
1149 1946 1345 2027 itaque
1372 1947 1549 2008 etiam
1574 1946 1864 2009 distichon
1891 1946 2375 2027 epigrammation

223 2043 440 2094 vocant
480 2049 711 2112 poema.
768 2031 964 2112 poesis
1005 2041 1096 2093 est
1135 2042 1490 2112 perpetuum
1530 2042 1946 2112 argumentum
1994 2050 2026 2092 e
2068 2033 2378 2113 rhythmis,

228 2128 293 2179 ut
321 2118 455 2179 Ilias
486 2116 731 2178 Homeri
761 2125 820 2178 et
850 2118 1092 2178 annales
1118 2117 1303 2196 Enni.
1363 2116 1596 2196 poetice
1628 2127 1716 2179 est
1745 2136 1841 2180 ars
1870 2134 2075 2179 earum
2105 2135 2302 2179 rerum

1171 2235 1268 2297 XV
1303 2237 1434 2315 (15)

436 2339 495 2399 in
529 2339 745 2419 quibus
774 2338 1044 2420 partibus
1072 2339 1132 2400 in
1164 2339 1533 2418 argumentis
1563 2338 1851 2402 Caecilius
1881 2339 2074 2419 poscit
2103 2340 2378 2419 palmam,
2427 2348 2514 2398 399

228 2421 286 2485 ἰιι
317 2424 545 2486 ethesin
573 2425 908 2499 Terentius,
938 2424 998 2485 in
1025 2423 1400 2486 sermonibus
1421 2423 1663 2486 Plautus

1013 2610 1188 2662 ΠΕΡΙ
1224 2609 1599 2663 nemnem

1231 2728 1257 2788 Ι
1289 2730 1377 2807 (3)

933 2835 1062 2892 tum
1094 2831 1465 2892 contremula
1494 2831 1792 2911 aquilenta
1823 2830 1979 2911 apud
2009 2831 2122 2892 alta
2423 2840 2509 2890 400

631 2917 802 2977 litora
833 2916 1022 2978 oreris
1050 2935 1120 2978 ac
1152 2915 1370 2978 nobilis
1400 2916 1681 2979 omnibus
1709 2917 1940 2978 reluces

1223 3036 1274 3096 11
1306 3036 1391 3113 (2)

632 3154 829 3215 neque
860 3134 921 3197 in
955 3136 1210 3215 polubro
1242 3133 1495 3218 my'stico
1528 3141 1778 3217 coquam
1812 3156 2022 3200 carnes
2424 3147 2511 3196 401

631 3221 846 3300 quibus
875 3221 1143 3283 satullem
1176 3240 1428 3302 corpora
1460 3240 1529 3285 ac
1561 3223 1774 3285 famem
1805 3223 2030 3285 ventris

394 3390 496 3443 393
532 3388 601 3442 Ν.
633 3405 687 3456 p.
727 3391 823 3442 251
864 3387 1045 3441 cedere
1089 3387 1098 3456 Ι
1150 3391 1252 3442 394
1292 3388 1353 3441 Ν.
1385 3406 1439 3456 p.
1477 3392 1572 3443 241
1613 3405 1781 3442 acrem
1818 3395 1870 3441 et
1900 3406 1954 3456 p.
1992 3392 2089 3443 267
2131 3392 2326 3440 castum
2368 3389 2377 3453 Ι

222 3473 371 3510 curas
399 3473 457 3523 p.
494 3459 621 3510 241:
658 3457 829 3510 luctus
861 3473 915 3523 p.
954 3459 1051 3510 267
1141 3459 1241 3511 395
1277 3456 1345 3510 Ν.
1374 3473 1431 3525 p.
1470 3461 1571 3511 424
1606 3457 1765 3525 pudet
1800 3463 1852 3510 et
1886 3459 2030 3525 piget
2071 3458 2080 3525 Ι
2119 3472 2377 3508 musarum

222 3540 504 3593 agnoscere
548 3526 675 3577 libri
717 3526 863 3592 quod
910 3528 1258 3577 restituissem
1300 3529 1349 3576 si
1395 3531 1703 3577 structurae
1747 3527 2046 3592 exemplum
2080 3531 2383 3592 suppeteret

220 3595 423 3674 (pudor
453 3593 730 3646 Musarum
764 3598 911 3645 vetat
943 3609 1028 3644 me
1061 3608 1353 3659 agnoscere
1386 3599 1484 3645 tua
1521 3596 1800 3659 carmina),
1846 3599 1905 3646 at
1939 3595 2134 3645 durius
2166 3594 2380 3646 Ennius

222 3662 384 3730 patris
419 3662 518 3714 mei
555 3677 726 3715 meum
761 3662 952 3715 factum
977 3661 1159 3728 pudet:
1198 3677 1393 3729 agonos
1419 3663 1551 3715 cerei
1577 3663 1848 3716 Vahlenus
1876 3663 1886 3730 Ι
1916 3678 2049 3714 vana
2075 3663 2345 3728 Hauptiue
2365 3665 2384 3729 ΙΙ

224 3733 324 3786 396
361 3728 497 3797 N.p
500 3733 650 3784 ,347
687 3731 874 3783 micare
898 3730 919 3798 ΙΙ
945 3733 1041 3784 397
1080 3730 1149 3782 Ν.
1177 3746 1236 3796 p.
1263 3733 1364 3784 213
1399 3730 1564 3783 melos
1593 3730 1604 3798 Ι
1634 3730 1749 3797 paci
1783 3730 1835 3782 in
1871 3731 2039 3783 huius.
2107 3734 2380 3782 senarium

223 3801 298 3851 ad
329 3799 482 3851 huius
504 3799 774 3852 Vahlenm
807 3799 1192 3850 exordiebatur
1216 3798 1237 3866 ΙΙ
1261 3801 1361 3853 398
1396 3798 1467 3851 Ν.
1494 3815 1554 3864 p.
1590 3800 1692 3852 428
1727 3799 1900 3865 poesis
1935 3803 1988 3851 et
2023 3813 2205 3866 poema
2255 3801 2263 3863 Ι
2303 3816 2380 3852 ar-

224 3872 522 3989 gurgentum
569 3874 625 3919 et
665 3867 885 3936 rythmis
920 3867 1109 3919 deinde
1142 3869 1478 3932 interpositis
1526 3867 1718 3919 alienis
1752 3868 1858 3919 min
1892 3872 1952 3920 ut
1986 3867 2104 3919 ilias
2128 3867 2148 3936 ΙΙ
2175 3870 2275 3921 399
2310 3868 2378 3920 Ν.

348 3938 416 3988 74
485 3950 662 3989 oscere

221 3952 257 4002 p
389 3951 488 4058 4013
524 4002 797 4069 N.p.351
836 4003 1024 4056 nobilis
1055 4002 1064 4071 Ι
1094 4008 1151 4055 tu
1187 4018 1301 4055 cum
1340 4003 1555 4055 tremula
1589 4002 1901 4056 Guilielmus
1930 4003 1939 4071 Ι
1970 4004 2118 4057 oriris
2142 4003 2162 4071 ΙΙ
2190 4006 2287 4057 401
2313 4002 2382 4054 Ν.

219 4076 399 4141 p.171
437 4072 676 4125 satullem
706 4072 717 4140 Ι
746 4071 958 4139 pulvere
993 4072 1169 4124 mitico
1205 4086 1421 4139 coquam
1460 4087 1664 4125 carnem
