2881 4580
442 940 596 1013 Quid
639 952 833 1002 actum
879 941 954 1002 sit
982 941 1042 1001 in
1093 941 1254 1002 caelo
1285 950 1422 1002 ante
1468 942 1622 1002 diem
1653 941 1751 1001 Ill.
1784 941 1913 1001 idus
1945 940 2218 1003 Octobris
2248 960 2408 1003 anno
2460 946 2489 1005 1

271 1047 445 1099 novo,
478 1027 646 1087 initio
678 1027 896 1088 saeculi
927 1026 1264 1096 felicissimi,
1298 1026 1430 1086 volo
1464 1027 1784 1088 memoriae
1816 1027 2068 1087 tradere.
2125 1027 2271 1088 nihil
2302 1047 2415 1089 nec

272 1114 533 1174 offensae
565 1130 677 1173 nec
719 1112 939 1192 gratiae
984 1111 1235 1172 dabitur.
1297 1112 1443 1172 baec
1481 1112 1557 1171 ita
1600 1130 1753 1172 vera.
1813 1112 1859 1172 si
1893 1111 2025 1190 quis
2065 1113 2418 1190 quaesiverit

273 1200 431 1260 unde
453 1198 655 1269 sciam,
686 1198 963 1277 primum,
987 1197 1036 1258 si
1062 1196 1329 1270 noluero,
1357 1217 1478 1257 non
1505 1196 1898 1276 respondebo.
1948 1197 2079 1275 quis
2103 1208 2417 1259 coacturus

193 1295 227 1345 5
271 1281 402 1345 est?
461 1301 569 1363 ego
602 1283 726 1343 scio
757 1301 850 1342 me
883 1281 1132 1342 liberum
1165 1282 1383 1342 factum
1404 1329 1420 1354 ,
1469 1301 1539 1342 ex
1569 1301 1687 1361 quo
1732 1300 1905 1343 suum
1936 1282 2088 1342 diem
2124 1282 2271 1343 obiit
2298 1284 2415 1357 ille,

274 1369 377 1447 qui
408 1386 608 1429 verum
635 1367 1014 1446 proverbium
1038 1368 1278 1438 fecerat,
1310 1377 1412 1428 aut
1433 1385 1633 1447 regem
1665 1377 1764 1428 aut
1787 1368 2010 1427 fatuum
2044 1368 2203 1428 nasci
2236 1387 2416 1447 opor-

273 1464 418 1515 tere.
473 1453 521 1514 si
552 1452 795 1513 libuerit
816 1454 1198 1531 respondere,
1231 1451 1417 1512 dicam
1445 1451 1603 1531 quod
1630 1452 1769 1513 mihi
1799 1453 1858 1513 in
1894 1451 2143 1513 buccam
2169 1455 2414 1514 venerit.

275 1539 407 1619 quis
451 1556 714 1617 unquam
758 1538 829 1598 ab
877 1537 1157 1598 historico
1201 1538 1494 1598 iuratores
1536 1535 1772 1618 exegit?
1839 1547 2036 1598 tamen
2081 1539 2128 1598 si
2174 1557 2417 1600 necesse

275 1624 453 1685 fuerit
481 1632 783 1684 auctorem
813 1622 1162 1702 producere,
1195 1623 1462 1700 quaerito
1494 1622 1566 1682 ab
1598 1642 1669 1683 eo
1701 1623 1802 1702 qui
1835 1622 2141 1684 Drusillam
2175 1632 2416 1684 euntem

165 1721 227 1772 10
271 1710 330 1770 in
367 1708 596 1769 caelum
642 1708 814 1768 vidit:
868 1709 1023 1769 idem
1054 1707 1354 1768 Claudium
1397 1708 1611 1769 vidisse
1640 1726 1705 1769 se
1747 1708 1903 1770 dicet
1949 1708 2063 1768 iter
2106 1708 2418 1770 facientem

278 1801 420 1855 ‘non
454 1793 722 1873 passibus
758 1792 999 1872 aequis’.
1060 1792 1196 1854 velit
1228 1792 1405 1866 nolit,
1453 1812 1694 1855 necesse
1736 1802 1826 1855 est
1862 1793 1942 1854 illi
1976 1794 2171 1854 omnia
2205 1794 2418 1866 videre,

276 1898 426 1958 quae
457 1880 518 1940 in
550 1879 711 1939 caelo
744 1888 1031 1957 aguntur:
1084 1878 1308 1957 Appiae
1347 1879 1473 1938 viae
1514 1889 1753 1939 curator
1785 1888 1904 1951 est,
1953 1896 2066 1957 qua
2099 1879 2214 1940 scis
2242 1889 2300 1940 et
2330 1879 2419 1939 di-

276 1983 413 2025 vum·
443 1969 773 2044 Augustum
805 1973 867 2024 et
893 1963 1194 2024 Tiberium
1230 1962 1536 2024 Caesarem
1582 1965 1650 2024 ad
1684 1965 1826 2025 deos
1860 1964 1995 2025 isse.
2057 1964 2218 2025 bunc
2246 1964 2296 2025 si
2326 1965 2419 2025 in-

276 2049 687 2130 terrogaveris,
718 2048 826 2110 soli
858 2048 1150 2109 narrabit:
1191 2066 1390 2109 coram
1421 2048 1692 2127 pluribus
1723 2067 2029 2127 nunquam
2058 2048 2302 2110 verbum
2336 2051 2421 2109 fa-

171 2147 230 2197 15
276 2136 410 2196 ciet.
475 2153 607 2196 nam
651 2153 719 2195 ex
753 2153 873 2213 quo
904 2134 966 2193 in
1010 2142 1219 2194 senatu
1250 2134 1461 2193 iuravit
1500 2152 1563 2194 se
1595 2134 1907 2195 Drusillam
1951 2134 2161 2195 vidisse
2190 2134 2418 2194 caelum

278 2220 696 2283 ascendentem
743 2229 801 2280 et
844 2219 924 2279 illi
956 2237 1066 2300 pro
1109 2227 1226 2280 tam
1258 2218 1420 2278 bono
1455 2218 1667 2279 nuntio
1711 2236 1887 2279 nemo
1919 2218 2196 2290 credidit,
2240 2220 2418 2298 [quod

279 2306 509 2383 viderit]
552 2304 747 2367 verbis
792 2304 1099 2385 conceptis
1139 2305 1448 2365 affirmavit
1488 2324 1550 2366 se
1596 2324 1717 2365 non
1763 2305 2190 2377 indicaturum,
2244 2306 2418 2366 etiam

281 2392 330 2453 si
373 2392 433 2452 in
479 2391 672 2452 medio
712 2392 842 2451 foro
885 2390 1186 2450 hominem
1231 2389 1493 2451 occisum
1529 2390 1780 2451 vidisset.
1840 2389 1914 2449 ab
1961 2391 2073 2451 hoc
2112 2410 2223 2470 ego
2269 2408 2419 2469 quae

170 2494 187 2527 1
282 2486 407 2537 tum
440 2476 648 2549 audivi,
682 2486 840 2536 certa
863 2474 1017 2536 clara
1045 2475 1244 2546 affero,
1277 2475 1355 2534 ita
1378 2475 1541 2535 illum
1566 2474 1784 2535 salvum
1817 2484 1877 2536 et
1899 2475 2129 2537 felicem
2153 2474 2417 2536 babeam.

175 2575 233 2626 20
585 2561 698 2621 iam
730 2560 1006 2621 Phoebus
1034 2560 1302 2622 breviore
1332 2560 1416 2619 via
1450 2570 1826 2621 contraxerat
1847 2561 2056 2621 orbem
2446 2560 2505 2620 ·2

589 2646 738 2707 lucis
769 2657 828 2707 et
856 2645 1093 2706 obscuri
1116 2642 1476 2706 ¹crescebant
1504 2655 1772 2725 tempora
1801 2647 2015 2717 somni,

567 2731 816 2810 „iamque
845 2749 1019 2791 suum
1048 2729 1255 2791 victrix
1285 2729 1537 2808 augebat
1566 2730 1813 2811 Cynthia
1843 2748 2097 2810 regnum

589 2826 648 2877 et
678 2816 958 2877 deformis
988 2817 1219 2894 hiemps
1247 2825 1446 2893 gratos
1479 2815 1756 2895 carpebat
1785 2816 2046 2878 bonores

588 2900 779 2962 divitis
809 2901 1076 2962 autumni
1107 2902 1386 2980 iussoque
1416 2919 1726 2962 senescere
1758 2900 1989 2962 Baccho

175 3001 234 3052 25
587 2986 866 3066 carpebat
896 3004 1057 3047 raras
1084 3005 1253 3048 serus
1280 2986 1635 3046 vindemitor
1663 3004 1823 3047 uvas.

280 3079 426 3150 puto
470 3072 655 3151 magis
692 3070 985 3150 intellegi,
1027 3072 1076 3133 si
1119 3071 1353 3132 dixero:
1410 3071 1632 3132 mensis
1675 3082 1799 3132 erat
1830 3071 2125 3143 October,
2173 3069 2294 3131 dies
2326 3071 2425 3131 Ill.

279 3157 412 3218 idus
449 3155 742 3218 Octobris.
802 3156 1007 3216 horam
1051 3175 1175 3216 non
1221 3167 1464 3235 possum
1509 3165 1730 3217 certam
1776 3157 1882 3218 tibi
1927 3157 2155 3229 dicere,
2200 3155 2428 3218 facilius

282 3242 439 3302 inter
469 3242 855 3320 philosophos
898 3258 1073 3319 quam
1105 3241 1263 3301 inter
1297 3241 1604 3320 horologia
1650 3242 1996 3303 conveniet:
2040 3250 2236 3302 tamen
2269 3241 2429 3302 inter

279 3336 503 3387 sextam
550 3336 609 3387 et
653 3326 962 3406 septimam
1008 3334 1150 3386 erat.
1224 3325 1418 3387 ‘nimis
1463 3326 1700 3388 rustice'
1744 3327 1977 3406 inquies
2022 3332 2176 3387 ‘cum
2221 3344 2430 3388 omnes

174 3431 234 3482 30
280 3421 507 3492 poetae,
540 3431 664 3472 non
697 3411 963 3472 contenti
995 3419 1159 3472 ortus
1187 3420 1246 3471 et
1276 3429 1522 3472 occasus
1552 3411 1918 3486 describere,
1958 3413 2067 3490 [ut]
2097 3412 2269 3473 etiam
2303 3429 2428 3473 me-

284 3496 446 3557 dium
477 3496 629 3557 diem
663 3497 1015 3576 inquietent,
1047 3506 1110 3557 tu
1143 3496 1226 3557 sic
1257 3496 1538 3558 transibis
1568 3496 1772 3557 horam
1804 3507 1922 3557 tam
1958 3494 2245 3558 bonam?'

457 3680 769 3747 Scripturas
804 3682 996 3747 quibus
1025 3682 1165 3732 nihil
1193 3680 1511 3730 adnotatum
1536 3686 1614 3733 est
1646 3682 1785 3747 elegi
1806 3699 1834 3732 e
1870 3683 2052 3735 codice
2076 3682 2433 3747 sangallensi,

146 3791 150 3795 ⁴
182 3796 187 3799 .
285 3750 350 3801 de
374 3764 479 3815 quo
500 3751 656 3815 plene
678 3750 907 3800 relatum
931 3753 1010 3798 est
1031 3753 1090 3799 ὄπ
1111 3748 1365 3816 symbolis
1382 3750 1784 3814 philologorum
1807 3751 2169 3802 Bonum-rium
2191 3767 2244 3816 p.
2270 3751 2335 3802 41
2358 3768 2427 3802 ss.

456 3819 486 3869 6
542 3819 628 3884 qui
680 3817 758 3868 bis
802 3831 977 3869 verum
1020 3816 1371 3868 Mommsenus
1420 3818 1440 3882 ΙΙ
1495 3819 1554 3870 16
1600 3818 1842 3885 quicquid
1887 3819 2072 3871 viderit
2113 3820 2429 3870 Paschasius

284 3884 581 3937 Radbertus
615 3886 702 3947 (cll
741 3886 965 3936 Hermae
998 3887 1033 3937 6
1060 3901 1119 3950 p.
1161 3883 1278 3946 127)
1304 3883 1324 3950 ΙΙ
1350 3886 1415 3937 20
1454 3890 1621 3936 ortum
1646 3886 1665 3951 ΙΙ
1694 3887 1757 3938 23
1803 3886 2034 3953 rapiebat
2066 3890 2178 3953 ipse
2212 3889 2430 3949 conieci,

285 3954 524 4019 turpabat
561 3954 826 4018 Hauptim
848 3953 867 4020 11
897 3955 962 4006 24
997 3953 1212 4020 visoque
1247 3954 1410 4003 editio
1435 3956 1689 4019 pm‘nceps
1715 3954 1734 4020 ΙΙ
1761 3956 1824 4006 26
1861 3955 2130 4021 intelleges
2170 3953 2223 4006 0.
2247 3954 2311 4004 F.
2345 3952 2428 4008 W.

280 4021 569 4073 Muellerus
592 4021 613 4088 ΙΙ
639 4023 704 4075 29
742 4022 931 4073 rustice
965 4021 1303 4088 adquiescunt
1337 4035 1516 4073 omnes

2016 4110 2113 4163 15*
