2881 4580
1164 285 1443 338 SATIRAE
2261 288 2382 345 105

170 465 208 516 L
233 457 458 537 pariter
503 467 785 520 extensos
814 459 1010 538 porris
1038 460 1292 538 apioque
1323 458 1659 533 lustrasset,
1706 459 2000 522 abellanas
2032 479 2212 523 nuces
2243 480 2377 523 cum

228 543 573 622 precatione
618 544 824 605 mersit
852 544 913 603 in
947 544 1166 605 vinum.
1228 553 1286 604 et
1315 545 1434 605 sive
1466 545 1527 606 in
1559 562 1854 606 summum
1887 546 2213 619 redierant,
2258 546 2376 608 sive

228 628 643 701 subsederant,
675 648 747 689 ex
777 629 891 689 hoc
921 629 1326 690 coniecturam
1348 629 1616 692 ducebat.
1666 649 1777 691 nec
1799 649 1892 692 me
1913 631 2148 692 fallebat
2168 632 2377 693 inanes

230 713 457 775 scilicet
498 732 566 774 30
611 713 742 775 sine
785 715 1038 775 medulla
1068 724 1342 777 ventosas
1374 734 1559 778 nuces
1588 715 1649 776 in
1682 734 1912 777 summo
1944 735 2153 778 umore
2183 718 2378 778 consi-

164 809 190 858 5
229 808 401 873 stere,
434 817 643 878 graves
674 809 867 860 autem
902 808 962 861 et
990 799 1196 879 plenas
1226 800 1462 878 integro
1495 803 1688 862 fructu
1723 802 1793 862 ad
1826 802 1941 862 ima
1972 802 2188 863 deferri

1293 908 1325 943 *

398 969 633 1030 recluso
679 977 919 1048 pectore
965 971 1214 1030 extraxit
1250 971 1628 1032 fartissimum
1662 971 1826 1031 iecur
1857 980 1915 1032 et
1942 972 2080 1032 inde
2111 971 2253 1032 mihi
2284 974 2377 1032 fu-

231 1062 357 1113 tura
403 1053 712 1132 praedixit.
802 1054 1014 1128 immo,
1060 1074 1137 1116 ne
1181 1056 1341 1134 quod
1384 1056 1690 1136 vestigium
1738 1056 1979 1119 sceleris
2022 1066 2376 1138 superesset,

231 1147 420 1200 totum
445 1155 736 1221 ‘anserem
783 1139 1100 1200 laceratum
1132 1141 1391 1202 verubus
1420 1142 1667 1203 confixit
1695 1141 2017 1221 epulasque
2049 1143 2223 1204 etiam
2253 1142 2379 1204 lau-

234 1232 317 1285 tas
345 1224 525 1303 paulo
556 1234 712 1297 ante,
747 1233 810 1286 ut
840 1224 965 1304 ipsa
995 1225 1245 1300 dicebat,
1275 1226 1545 1306 perituro
1574 1228 1815 1306 paravit.

146 1420 193 1469 10
395 1410 677 1472 volabant
706 1412 863 1473 inter
892 1412 1037 1474 haec
1069 1411 1343 1492 potiones
1373 1431 1639 1474 meracae

1294 1521 1328 1556 *

397 1583 626 1661 profert
656 1581 961 1643 Oenothea
1006 1592 1300 1644 scorteum
1348 1584 1673 1657 fascinum,
1720 1582 1877 1661 quod
1922 1591 1989 1643 ut
2018 1581 2148 1643 oleo
2180 1591 2240 1643 et
2268 1583 2376 1643 mi-

234 1675 374 1727 nuto
419 1667 626 1746 pipere
672 1675 849 1745 atque
895 1668 1119 1729 urticae
1164 1669 1302 1730 trito
1348 1668 1736 1731 circumdedit
1779 1668 2033 1742 semine,
2092 1667 2372 1748 paulatim

232 1752 425 1831 coepit
454 1752 719 1813 inserere
749 1769 864 1812 ano
897 1770 1048 1813 meo.

398 1922 515 1982 hoc
558 1922 958 1983 crudelissima
1005 1940 1153 1983 anus
1197 1923 1420 2002 spargit
1465 1923 1717 1985 subinde
1762 1942 1968 1986 umore
2000 1924 2219 1985 femina
2250 1942 2377 1985 mea

1287 2031 1321 2066 *

142 2089 188 2139 15
393 2092 677 2153 nasturcii
722 2111 929 2153 sucum
978 2110 1112 2153 cum
1155 2093 1492 2155 habrotono
1539 2095 1742 2156 miscet
1773 2094 2146 2174 perfusisque
2175 2094 2376 2171 ingui-

228 2175 399 2238 nibus
431 2177 581 2238 meis
612 2177 810 2239 viridis
840 2179 1062 2239 urticae
1108 2180 1325 2240 fascem
1373 2181 1828 2258 comprehendit
1874 2179 2191 2257 omniaque
2221 2178 2372 2238 infra

225 2261 566 2324 umbilicum
600 2263 795 2343 coepit
825 2264 979 2326 lenta
1011 2281 1189 2326 manu
1230 2263 1478 2325 caedere

1283 2388 1315 2423 ak

392 2466 661 2527 aniculae
707 2466 971 2545 quamvis
1014 2467 1239 2528 solutae
1282 2486 1448 2528 mero
1481 2486 1549 2529 ac
1579 2466 1824 2527 libidine
1857 2475 2082 2539 essent,
2129 2466 2372 2526 eandem

229 2550 371 2611 viam
418 2560 652 2612 tentant
698 2561 757 2613 et
800 2570 909 2631 per
940 2551 1164 2631 aliquot
1193 2552 1350 2614 vicos
1381 2560 1617 2614 secutae
1648 2552 1969 2632 fugientem
2003 2551 2250 2632 ‘prende
2280 2552 2373 2612 fu-

141 2637 190 2688 20
228 2632 368 2698 rem'
418 2636 691 2698 clamant.
782 2637 933 2699 evasi
987 2646 1183 2698 tamen
1232 2638 1510 2700 omnibus
1553 2637 1747 2718 digitis
1793 2638 1948 2698 inter
1992 2636 2374 2717 praecipitem

230 2721 541 2783 decursum
574 2723 899 2784 cruentatis
1285 2806 1316 2840 *

396 2890 671 2971 ι(3111·Υ510,
704 2910 853 2970 quae
884 2892 1145 2971 priorem
1178 2893 1475 2957 fortunam
1509 2903 1670 2955 tuam
1694 2893 1916 2967 oderat,
1949 2892 2104 2954 hanc
2126 2893 2216 2953 vel
2239 2910 2374 2953 cum

227 2976 492 3055 periculo
523 2977 730 3056 capitis
762 2977 1039 3057 persequi
1070 2977 1341 3039 destinat'

1284 3102 1318 3137 *

398 3179 562 3258 ‘quid
591 3180 731 3241 huic
761 3183 984 3242 formae
1016 3191 1116 3241 aut
1137 3179 1393 3242 Ariadne
1424 3181 1632 3242 habuit
1660 3191 1763 3242 aut
1784 3180 1939 3242 Leda
1969 3179 2204 3243 simile?
2235 3182 2377 3260 quid

139 3267 189 3317 25
228 3274 435 3325 contra
479 3266 634 3326 hanc
679 3266 934 3340 Helene,
995 3266 1136 3346 quid
1182 3265 1381 3328 Venus
1424 3264 1666 3347 posset?
1724 3267 1850 3346 ipse
1895 3267 2084 3338 PariS,
2131 3267 2375 3327 dearum

229 3348 580 3429 litigantium
627 3351 831 3424 iudex,
877 3352 927 3413 si
972 3352 1123 3412 banc
1169 3351 1228 3411 in
1277 3352 1722 3432 comparatione
1768 3351 2002 3413 vidisset
2043 3360 2158 3412 tam
2204 3359 2375 3431 petu-

227 3433 488 3496 lantibus
520 3435 734 3512 oculis,
769 3445 827 3498 et
857 3436 1126 3498 Helenen
1158 3437 1296 3498 huic
1325 3438 1605 3499 donasset
1636 3445 1696 3498 et
1723 3437 1879 3498 deas.
1923 3436 2127 3497 saltem
2160 3435 2208 3497 si
2238 3455 2375 3517 per-

228 3520 563 3581 mitteretur
608 3521 875 3583 osculum
919 3540 1164 3601 capere,
1209 3522 1257 3583 si
1303 3522 1444 3585 illud
1491 3523 1744 3584 caeleste
1777 3539 1845 3582 ac
1875 3521 2136 3582 divinum
2167 3531 2377 3601 pectus

406 3775 427 3823 1
470 3771 734 3824 avellanas
758 3772 778 3839 u
805 3774 834 3825 3
873 3772 967 3825 hac
1002 3774 1293 3826 coniectura
1332 3772 1559 3825 dicebat:
1603 3773 1968 3826 Wouwem‘um
2011 3779 2219 3825 secutus
2254 3780 2380 3825 ante

232 3838 376 3889 edidi
410 3840 642 3892 coniecta
679 3839 883 3892 dicebat
918 3841 993 3903 14
1028 3841 1227 3893 scilicet
1262 3842 1373 3894 sine
1409 3841 1631 3894 medulla
1670 3846 1723 3893 et
1756 3847 1786 3895 5
1821 3842 2021 3908 integro
2059 3843 2224 3895 fructu
2263 3844 2382 3894 tolli

232 3909 388 3958 iussit
422 3908 751 3973 Segebadius
791 3908 811 3975 ΙΙ
853 3911 885 3962 6
924 3909 1252 3962 fortissimum
1296 3909 1316 3974 n
1361 3912 1424 3961 14
1461 3911 1560 3961 hoe
1595 3909 1890 3972 frustulum
1926 3912 2108 3963 dubito
2145 3927 2217 3962 an
2253 3911 2382 3962 olim

231 3972 422 4096 {ingr-21¹
434 3979 579 4027 inter
614 3977 796 4029 miscet
830 3983 884 4028 et
916 3978 1137 4043 perfusis
1177 3981 1238 4029 15
1269 3978 1553 4046 positumfl
1583 3982 1644 4032 19
1682 3983 1859 4032 tenent
1894 3983 2100 4031 conieci
2121 3979 2141 4047 ΙΙ
2170 3981 2234 4032 26
2271 3980 2384 4032 libi-

316 4059 381 4097 an
427 4060 513 4097 nm

2428 1585 2549 1646 138
