2881 4580
1145 294 1522 348 MEMPPEAE
2287 291 2408 352 197

262 467 520 545 denique
552 468 827 529 omnibus
857 470 978 529 suis
1009 468 1274 529 numeris
1305 466 1641 529 absolutum
1675 476 1781 540 est,
1814 466 1863 527 si
1895 465 2034 527 belli
2063 466 2410 527 homunculi

262 551 520 614 conlecti
548 562 719 627 sunt,
765 554 815 615 si
859 554 1082 615 electus
1111 553 1308 625 locus,
1359 552 1409 613 si
1451 560 1683 632 tempus
1714 552 1963 625 lectum,
2016 551 2064 612 si
2095 560 2411 631 apparatus
2533 623 2538 624 ⁷

263 656 386 697 non
435 638 756 716 neglectus,
820 658 930 701 nec
973 639 1250 716 loquaces
1289 646 1484 698 autem
1529 640 1716 717 inquit
1759 637 2032 698 convivas
2076 654 2189 697 nec
2219 645 2413 699 mutos
2455 644 2543 697 336

263 721 459 801 legere
493 731 759 802 oportet,
803 724 937 802 quia
985 723 1320 802 eloquentia
1352 723 1413 782 in
1447 723 1577 782 foro
1610 730 1669 783 et
1696 722 1852 802 apud
1883 720 2189 794 subsellia,
2232 720 2412 782 silen-

262 808 409 868 tium
444 827 580 868 vero
614 828 737 870 non
770 809 829 869 in
866 809 1129 870 convivio
1162 811 1263 870 sed
1296 808 1356 868 in
1392 806 1666 868 cubiculo
1701 826 1828 869 esse
1859 806 2056 868 debet.
2130 825 2416 868 sermones
2456 816 2546 876 337ae

262 896 445 971 iyitur
475 894 536 954 id
563 900 832 975 temporis
859 894 1140 955 habendos
1170 904 1352 955 censet
1379 911 1498 954 non
1528 911 1701 973 super
1729 892 1898 954 rebus
1928 895 2126 953 anoeiis
2155 903 2257 953 aut
2286 902 2411 953 tor-

262 983 443 1039 tuosis
471 980 568 1040 sed
595 980 878 1041 iucundos
906 988 1074 1060 atque
1104 978 1427 1052 invitabiles
1472 986 1526 1038 et
1569 997 1697 1040 cum
1742 978 1988 1059 quadam
2033 976 2312 1037 inlecebra
2357 988 2410 1038 et

263 1062 551 1143 voluptate
594 1065 790 1135 utiles,
848 1083 922 1126 ea>
981 1066 1181 1144 quibus
1227 1066 1521 1142 ingenium
1565 1075 1828 1124 nostrum
1870 1066 2168 1124 venustius
2208 1061 2314 1140 fiat
2357 1074 2411 1123 et

263 1153 582 1210 amoenius.
643 1151 799 1228 quod
834 1151 1102 1229 profecto
1132 1152 1319 1230 inq-uit
1349 1148 1597 1218 eveniet,
1640 1148 1688 1209 si
1720 1148 1792 1208 de
1822 1148 1879 1208 id
1912 1166 2103 1226 genus
2133 1146 2311 1207 rebus
2340 1147 2412 1207 ad
2457 1154 2547 1207 3ae

264 1251 640 1295 communem
671 1235 822 1295 vitae
851 1254 1023 1296 usum
1055 1233 1493 1315 pertinentibus
1536 1232 2018 1303 confabulemur,
2071 1232 2145 1292 de
2196 1231 2419 1311 quibus

264 1317 322 1378 in
353 1320 486 1380 foro
518 1328 692 1399 atque
725 1320 786 1380 in
820 1320 1072 1400 negotiis
1101 1318 1312 1397 agendi
1348 1337 1471 1379 non
1504 1327 1594 1380 est
1616 1319 1821 1379 otium.
1882 1317 2189 1378 dominum
2219 1326 2415 1378 autem
2457 1324 2546 1375 339

263 1405 451 1500 inquit
482 1405 733 1466 convivii
767 1425 893 1466 esse
925 1412 1162 1484 oportet
1196 1423 1315 1464 non
1347 1412 1465 1463 tam
1497 1403 1721 1463 lautum
1755 1420 1927 1482 quam
1959 1403 2088 1463 sine
2119 1402 2410 1474 sordibuS‚

263 1499 323 1549 et
374 1489 434 1550 in
491 1491 754 1551 convivio
809 1490 921 1569 legi
971 1509 1089 1550 non
1137 1489 1332 1550 omnia
1376 1488 1596 1549 debent
1629 1488 1730 1549 sed
1763 1507 1826 1548 ea
1861 1488 2228 1566 potissimum
2263 1505 2413 1566 quae
2456 1494 2544 1546 340

262 1574 435 1635 simul
477 1575 597 1636 sint
636 1574 943 1660 βιωφελῆ
986 1584 1043 1636 et
1073 1574 1388 1635 delectent.
1448 1592 1623 1654 neque
1666 1592 1787 1634 non
1817 1574 1883 1634 de
1910 1574 2167 1633 secundis
2196 1591 2412 1653 quoque
2453 1577 2544 1632 341

261 1664 486 1732 mensi,s
517 1664 680 1721 cuius
710 1661 869 1722 modi
895 1678 1007 1722 esse
1035 1679 1132 1722 eas
1159 1670 1432 1740 oporteat,
1453 1662 1754 1739 praecipit.
1798 1658 1886 1719 his
1911 1661 2063 1719 enim
2085 1658 2270 1718 verbis
2290 1661 2412 1719 uti-

261 1756 392 1804 tur:
418 1744 655 1806 bellaria
682 1750 868 1843 inquit
893 1764 956 1806 ea
984 1746 1233 1806 maxime
1256 1753 1397 1806 sunt
1435 1744 1649 1805 mellita
1676 1762 1824 1822 quae
1849 1743 2067 1803 mellita
2099 1761 2219 1808 non
2251 1750 2411 1817 sunt,

262 1831 605 1911 πέμμασιν
630 1832 789 1892 enim
817 1849 951 1891 cum
975 1833 1189 1913 πέψει
1212 1830 1463 1891 societas
1485 1830 1684 1890 infida.
1708 1831 1859 1910 quod
1879 1828 2058 1889 Varro
2084 1832 2148 1888 in
2172 1828 2289 1889 loco
2311 1827 2414 1889 hoc

263 1915 413 1976 dimit
442 1915 701 1989 bellaria,
731 1935 803 1977 ne
825 1922 951 1997 quis
978 1917 1131 1996 forte
1161 1920 1226 1976 in
1255 1920 1365 1976 ista
1395 1934 1529 1976 voce
1565 1914 1813 1987 haereat,
1842 1913 2129 1994 siqnificat
2162 1915 2223 1975 id
2241 1931 2414 1975 voca-

263 1999 459 2061 bulum
489 2020 656 2062 omne
686 2020 911 2062 mensae
940 2002 1216 2082 secundae
1244 2019 1424 2080 penus
1443 2048 1457 2070 ,
1488 2019 1626 2061 nam
1669 2019 1810 2080 quae
1853 2000 2173 2079 πέμματα
2214 1997 2418 2059 Graeci

262 2097 365 2145 aut
395 2084 785 2170 τραγήματα
816 2088 1120 2156 dixerunt,
1152 2105 1216 2147 ea
1254 2096 1467 2146 veteres
1495 2089 1681 2146 nostri
1716 2084 1953 2145 bellaria
1980 2084 2415 2165 appellaverunt

1254 2253 1308 2315 11
1337 2250 1429 2336 (2)

477 2377 535 2437 in
569 2376 835 2437 convivio
867 2376 983 2454 legi
1030 2393 1142 2436 nec
1189 2374 1386 2436 omnia
1431 2374 1653 2436 debent
1683 2384 1742 2436 et
1771 2393 1839 2436 ea
1862 2374 2232 2454 potissimum
2262 2391 2413 2453 quae
2457 2377 2544 2430 340

262 2462 434 2524 simul
480 2462 599 2523 sint
640 2459 946 2546 βιωφελῆ
990 2470 1049 2521 et
1076 2460 1373 2521 delectent
1402 2460 1632 2539 potius,
1681 2468 1746 2521 ut
1788 2459 1847 2520 id
1878 2478 2118 2539 quoque
2146 2459 2410 2520 videatur
2483 2484 2486 2487 ·

266 2566 386 2608 non
421 2547 678 2608 defuisse
711 2547 897 2626 magis
928 2564 1105 2625 quam
1135 2545 1500 2626 superfuisse

1162 2761 1519 2816 OCTOGESIS

1009 2869 1165 2934 περὶ
1211 2859 1663 2932 νομισμάτων
1722 2882 1725 2888 “

1268 2986 1293 3046 1
1328 2994 1331 2995 γ

670 3093 983 3167 postquam
1014 3089 1175 3149 avida
1205 2988 1627 3167 libid2)rapere
1658 3093 1727 3149 ac
1758 3080 2008 3149 caedere
2034 3087 2230 3167 coepit
2458 3103 2552 3156 342

669 3191 849 3252 seque
883 3173 1117 3252 opificio
1150 3192 1272 3233 non
1304 3172 1574 3252 probiter
1602 3173 1836 3252 clepere

1248 3291 1301 3351 11

473 3394 535 3455 in
570 3413 686 3473 quo
715 3392 970 3454 nobilius
994 3401 1084 3454 est
1106 3293 1479 3474 Philippffgm
1504 3393 1665 3472 quod
1695 3393 2032 3474 accipimus,
2059 3411 2233 3472 quam
2256 3393 2415 3471 quod
2457 3407 2545 3460 343

259 3478 540 3552 bibimuS‚
573 3497 704 3539 cum
738 3479 985 3565 alterum
1017 3478 1295 3540 addamus
1327 3479 1386 3539 in
1421 3478 1681 3559 bulgam,
1713 3479 1964 3540 alterum
1993 3478 2055 3569 in
2091 3477 2339 3539 vesicam

1245 3596 1326 3658 111
1385 3602 1423 3660 4

478 3719 599 3761 non
630 3701 778 3762 haec
808 3718 904 3761 res
935 3701 1007 3761 de
1038 3699 1268 3762 Venere
1301 3599 1471 3779 pa(et)a
1502 3699 1760 3761 strabam
1793 3699 1932 3761 facit
2200 3675 2203 3679 .
2458 3711 2547 3764 344

437 3869 538 3988 ἓξὲξ
572 3866 788 3987 lafita-‘Z
814 3865 1021 4001 ¹22}ss
1045 3935 1271 4002 probiter
1317 3939 1369 3986 et
1394 3949 1454 3999 p.
1492 3937 1558 3986 20
1595 3934 1796 4000 clepere
1827 3935 1836 4002 Ι
1867 3934 2180 3988 aconeedere
2224 3939 2323 3986 aut
2357 3949 2417 3987 ae

259 4004 555 4138 celnzedgssg
573 4004 591 4069 ΙΙ
616 4005 715 4057 343
751 4003 818 4055 Ν.
853 4020 905 4070 p.
934 4007 1000 4056 78
1037 4003 1190 4069 bulga
1221 4003 1230 4068 Ι
1261 4002 1510 4054 abdamus
1549 4002 1863 4054 Guilielmus
1904 4003 1926 4071 fl
1966 4005 2074 4057 344
2106 4003 2418 4054 Maiam
