2881 4580
1064 892 1663 1005 SISENNAE

543 1167 1278 1270 RELIQVIAE
1331 1167 2174 1266 MILESIARVM

457 1606 677 1657 Ovidius
724 1609 959 1657 tristium
996 1607 1055 1657 ΙΙ
1085 1606 1216 1658 443.·
1265 1607 1419 1658 vertit
1454 1605 1712 1659 Aristiden
1750 1604 1982 1671 Sisenna,
2019 1622 2113 1659 nec
2150 1606 2316 1659 obfuit
2351 1607 2427 1658 illi

1293 1691 1543 1744 historiae
1579 1697 1753 1759 turpes
1790 1693 2064 1745 inseruisse
2099 1693 2255 1747 iocos,

454 1777 772 1829 Plutarchus
817 1780 877 1827 in
914 1781 1022 1828 vila
1061 1777 1240 1830 Crassi
1273 1776 1371 1830 32:
1419 1784 1543 1844 post
1584 1778 1786 1829 cladem
1820 1776 2182 1829 Romanorum
2216 1779 2428 1830 Parthi—

283 1878 399 1913 cam
435 1879 578 1914 anno
614 1865 766 1913 urbis
800 1863 898 1915 701
936 1863 1146 1915 Surena
1182 1866 1241 1914 in
1274 1867 1517 1915 senatum
1555 1864 1944 1916 Seleucemtum
1981 1863 2275 1935 εἰεήνεγκεν
2305 1858 2425 1916 ἀκό-

282 1944 455 1999 λαστα
500 1945 692 2014 βιβλία
735 1951 856 2001 τῶν
886 1943 1213 2018 Ἀριστείδου
1249 1946 1614 2015 Μιλησιακῶν
1649 1989 1663 2003 .
1700 1986 1714 2002 .
1753 1990 1765 2001 .
1811 1944 2014 2020 εὑρέθη
2057 1947 2163 2020 γὰρ
2210 1952 2271 2002 έν
2316 1954 2428 2002 τοῖς

271 2017 530 2084 ‘Pmouiov
566 2031 909 2103 σκευοφόροις
942 2038 1033 2084 καὶ
1069 2036 1303 2103 παρέσχε
1344 2037 1429 2099 τῷ
1465 2032 1717 2103 Σουρήνᾳ
1751 2034 2092 2102 καθυβρίσαι
2126 2032 2298 2087 πολλὰ
2335 2039 2424 2086 καὶ

279 2119 646 2186 κατασκῶψαι
681 2117 807 2172 τοὺς
832 2113 1140 2185 ιΡωμιαεῖουιτ,
1184 2119 1231 2170 εἰ
1265 2115 1404 2186 μηδὲ
1438 2116 1798 2184 πολεμοῦντες
1829 2113 2141 2183 ἀπέχεσθαι
2175 2113 2426 2191 ἓτραγμὰ-

275 2222 392 2257 των
429 2208 519 2255 καὶ
553 2201 896 2274 γραμμάτων
933 2201 1199 2256 δύνανται
1233 2204 1518 2256 τοιούτων.

445 2292 657 2353 Fronto
694 2292 768 2343 ad
800 2290 872 2344 M.
912 2290 1187 2343 Caesarem
1222 2293 1311 2344 IV
1334 2292 1369 2344 3
1399 2308 1459 2358 p.
1502 2289 1572 2344 62
1604 2288 1838 2343 Nabaris
1879 2292 2067 2358 partim
2116 2292 2419 2360 scriptorum

279 2376 655 2429 animadvertas
691 2375 1033 2445 particulatim
1069 2376 1337 2444 elegantiS‚
1372 2376 1596 2430 Novium
1631 2381 1683 2428 et
1706 2374 2049 2445 Pomponium
2084 2382 2138 2430 et
2172 2377 2222 2430 id
2260 2392 2422 2445 genus

275 2463 329 2515 in
363 2462 535 2515 verbis
571 2462 842 2515 rusticanis
878 2469 931 2514 et
965 2462 1277 2515 iocularibus
1314 2478 1375 2515 ac
1408 2462 1727 2527 ridiculariiS‚
1774 2463 1948 2515 Attam
1983 2463 2035 2514 in
2070 2461 2423 2529 muliebribus,

277 2547 547 2601 Sisennam
582 2549 633 2599 in
671 2547 895 2613 lascivis,
930 2547 1178 2600 Lucilium
1213 2549 1265 2600 in
1302 2548 1551 2617 cuiusque
1587 2550 1712 2602 artis
1748 2563 1807 2601 ac
1845 2549 2037 2616 negotii
2075 2550 2308 2616 propriis.

962 2956 1363 3010 MILESIARVM
1401 2957 1586 3010 LIBER
1623 2958 1728 3010 xm

444 3175 619 3227 nocte
648 3165 906 3243 vagatrix
1319 3081 1370 3312 ΙΙΙ

441 3362 497 3413 te
530 3353 682 3415 istuc
704 3345 992 3414 ¹hesterno
1027 3353 1321 3432 quaesisse
1354 3363 1715 3433 oportuerat,
1747 3354 1937 3415 Ariste

1300 3471 1381 3532 111

441 3579 661 3720 *θέιιὲυε
688 3575 759 3635 ad
791 3573 1034 3655 ipsum.’
1092 3584 1267 3654 atque
1300 3575 1425 3656 ipse
1457 3576 1765 3637 commode
1808 3576 1881 3638 de
1911 3584 2078 3656 parte
2107 3575 2411 3656 superiore

266 3662 481 3722 descen
528 3681 558 3719 e
603 3671 660 3720 at

439 3828 612 3879 Vnius
658 3827 786 3878 libri
833 3830 927 3879 has
961 3828 1217 3894 reliquias
1269 3844 1301 3878 a
1340 3827 1479 3878 Iulio
1515 3827 1753 3879 Romano
1788 3833 2030 3879 servatas
2068 3846 2243 3880 omnes
2279 3830 2412 3883 Cha-

265 3899 432 3947 risius
462 3895 693 3961 protulit

436 3963 456 4016 l
493 3964 583 4016 Ch.
606 3979 662 4030 p.
696 3965 795 4016 208
826 3970 1000 4016 nocte:
1038 3965 1294 4014 carminis
1312 3966 1448 4030 puto
1485 3967 1642 4015 verba
1668 3964 1688 4031 ΙΙ
1714 3963 1752 4015 11
1795 3964 1883 4017 Cli.
1903 3979 1960 4029 p.
1983 3967 2080 4019 200
2118 3966 2356 4019 hesterno
2395 3966 2403 4035 Ι

268 4033 559 4099 hesternoq.
595 4032 792 4084 hesisse
822 4033 832 4094 l
862 4030 1175 4099 aristaeum
1211 4031 1302 4085 Ch.
1332 4047 1390 4098 p.
1431 4034 1527 4085 196
1564 4032 1829 4085 commode
