2881 4580
1132 305 1509 360 ΜΕΝΙΡΡΕΑΕ
2260 305 2341 365 20
2351 305 2380 363 l

1123 479 1196 540 v1
1229 484 1286 554 (1
1322 489 1375 541 et
1407 481 1469 555 3)

446 591 584 642 ante
627 582 786 643 auris
829 581 1005 642 modo
1053 600 1124 642 ex
1151 581 1458 643 subolibus
1498 581 1722 661 parvuli
1768 581 1974 642 intorti
2002 582 2388 643 demitteban-
2431 593 2521 643 375

237 674 334 727 tur
363 686 465 728 sex
511 666 800 740 cincinni,
837 667 993 729 oculi
1035 668 1371 747 suppaetuli
1403 667 1634 747 nigellis
1663 667 1903 747 pupulis
1934 667 2213 745 liquidam
2241 667 2388 728 hila·

235 752 463 813 ritatem
495 752 900 833 significantes
929 752 1145 824 animi,
1190 753 1374 814 rictus
1420 753 1799 832 parvissimus
1842 762 1908 813 ut
1936 753 2235 814 refrenato
2266 753 2389 814 risu

238 855 415 899 roseo

1210 921 1313 982 vn
1347 921 1432 1000 (9)

450 1023 553 1102 qui
583 1032 780 1103 potest
809 1024 935 1085 laus
964 1023 1149 1084 videri
1179 1042 1344 1097 vera,
1390 1042 1525 1084 cum
1571 1032 1839 1085 mortuus
1885 1042 2059 1104 saepe
2090 1024 2388 1085 furacissi-
2431 1040 2521 1091 3¹16

242 1127 370 1170 mus
400 1127 467 1169 ac
500 1108 899 1187 nequissimus
930 1109 1070 1170 civis
1100 1108 1259 1170 iuxta
1291 1127 1359 1169 ac
1385 1110 1448 1169 P.
1481 1109 1795 1171 Africanus

1171 1228 1297 1288 vm
1328 1229 1462 1306 (14)

453 1330 502 1390 si
533 1339 595 1390 et
621 1305 928 1391 accusator
959 1339 1017 1391 et
1045 1348 1183 1391 reus
1212 1338 1391 1390 erunt
1430 1328 1703 1390 tenebrio
1747 1337 2030 1407 uterque,
2075 1337 2393 1407 utrumque
2435 1344 2523 1396 377

240 1416 568 1494 vituperato

1161 1496 1318 1559 v1111
1350 1500 1480 1577 (13)

453 1610 695 1681 praetor
722 1612 915 1663 vester
945 1602 1163 1681 eripuit
1190 1602 1332 1662 mihi
1363 1600 1698 1680 pecuniam.
1771 1600 1843 1660 de
1890 1618 1955 1660 ea
2000 1609 2274 1678 questum
2315 1600 2383 1660 ad
2431 1609 2519 1660 378

242 1704 463 1747 annum
494 1687 724 1747 veniam
754 1687 823 1747 ad
857 1705 1073 1747 novum
1105 1687 1539 1766 magistratum,
1595 1704 1734 1747 cum
1784 1685 1881 1746 hic
1934 1704 2077 1764 rapo
2120 1684 2391 1745 umbram

246 1790 482 1851 quoque
512 1772 638 1851 spei
672 1771 1035 1834 devorasset-

1209 1873 1260 1933 X
1293 1876 1423 1949 (11)

457 1975 553 2036 ille
583 1974 703 2036 ales
733 1975 920 2055 gallus
950 1975 1053 2052 qui
1096 1974 1417 2037 suscitabat
1448 1975 1769 2035 Atticarum
1800 1974 2099 2036 Musarum
2142 1975 2394 2055 scripto·
2438 1985 2527 2036 379

246 2078 359 2134 res,
391 2079 465 2121 an
498 2060 595 2121 hic
627 2060 727 2138 qui
759 2078 998 2141 gregem
1028 2057 1411 2121 rabularum?

1230 2177 1308 2238 XI
1365 2181 1403 2242 6

456 2281 571 2343 hoc
620 2281 858 2344 Graecis
908 2281 1285 2354 renuntiato,
1340 2180 1426 2343 ξιῑ)
1448 2279 1618 2342 facile
1647 2279 2024 2359 intellegeres
2056 2299 2167 2341 nos
2198 2280 2270 2340 ab
2305 2279 2395 2341 his
2437 2282 2523 2335 380

247 2367 443 2440 amari,
475 2377 1056 2428 commurmurantur
1087 2357 1246 2430 αὐτό

1182 2484 1290 2544 xu
1348 2487 1423 2548 15

461 2605 643 2666 quare
674 2587 897 2650 resides
925 2587 1270 2664 lingulacae,
1296 2485 1725 2666 o(ptr)ectatores
1753 2584 1861 2656 tui,
1893 2584 2007 2644 iam
2043 2603 2205 2646 nunc
2236 2602 2397 2645 mur·
2441 2588 2526 2640 881

249 2683 553 2734 murantes
583 2673 819 2734 dicunt:
877 2668 1273 2757 μωμήσεταί
1299 2693 1403 2746 τις
1432 2668 1686 2752 μᾶλλον
1716 2657 1758 2753 ἢ
1788 2664 2151 2753 μιμήσεται

1201 2789 1335 2850 xm
1362 2790 1451 2867 (8)

464 2892 736 2970 imperito
768 2910 1220 2971 nonnumquam
1243 2891 1480 2955 ,concha
1521 2891 1750 2953 videtur
1790 2890 2132 2969 margarita,
2186 2890 2398 2950 vitrum
2443 2895 2530 2948 382

250 2977 588 3057 smaragdos

1216 3062 1268 3122 Il
1299 3061 1325 3121 1

466 3165 605 3225 dum
634 3163 794 3239 vixit,
824 3163 1148 3245 promiscas
1165 3062 1297 3224 {ng
1324 3064 1530 3224 niglu
1563 3162 1868 3224 chortibus
1896 3163 2054 3242 pavit
2442 3169 2529 3221 383

425 3335 522 3385 375
559 3332 628 3385 Ν.
658 3348 712 3398 p.
751 3332 850 3384 456
886 3330 1071 3382 rictum
1119 3331 1127 3397 Ι
1175 3337 1228 3382 et
1272 3330 1540 3382 subolibus
1576 3329 1899 3381 subolidibus
1934 3329 2105 3380 codex
2140 3333 2403 3394 optimus.-

252 3402 555 3454 addendum
589 3401 821 3462 fortasse
855 3398 1129 3451 subtilibus
1159 3399 1168 3465 Ι
1198 3398 1290 3450 sed
1327 3398 1546 3450 cincinni
1584 3397 1749 3449 oculis
1784 3397 2037 3462 supetulis
2073 3396 2277 3463 nigellis
2314 3413 2406 3465 po-

251 3470 360 3538 puli
414 3485 566 3536 quam
627 3468 935 3520 hilaritatem
968 3467 1324 3531 (demittebant
1376 3481 1433 3517 se
1469 3466 1756 3529 Martinus,
1809 3465 2032 3531 aliquam
2084 3464 2354 3530 Gil'anim)
2392 3470 2401 3527 1

251 3553 398 3591 rosea
438 3537 626 3590 labiola
661 3535 929 3602 Bosporus
953 3535 973 3603 ΙΙ
999 3537 1098 3588 376
1133 3534 1202 3587 Ν.
1219 3551 1272 3602 p.
1293 3536 1391 3587 322
1427 3535 1570 3586 iuxta
1600 3535 1609 3591 1
1639 3548 1761 3585 vesa
1799 3537 2087 3586 commotus
2124 3539 2225 3585 aut
2256 3549 2402 3585 versa

253 3623 368 3659 cum
405 3609 600 3658 motus:
652 3609 793 3672 puto
846 3604 887 3656 si
934 3618 993 3655 ea
1039 3603 1324 3655 cumulatur
1362 3604 1380 3668 ΙΙ
1427 3604 1525 3655 377
1562 3600 1630 3655 N.
1664 3618 1718 3667 p.
1761 3604 1823 3656 19
1867 3601 2194 3653 tenebriones
2224 3602 2233 3666 Ι
2264 3606 2405 3654 tene-

256 3675 464 3727 briones
501 3675 628 3725 libri
663 3688 845 3724 omnes
879 3676 1097 3738 excepto
1135 3674 1334 3738 optimo
1358 3676 1375 3734 n
1403 3672 1504 3724 378
1542 3670 1611 3725 Ν.
1639 3687 1697 3737 p.
1724 3673 1789 3723 26
1825 3684 2044 3735 repones
2074 3669 2083 3737 Ι
2115 3670 2260 3720 deest
2282 3684 2405 3722 eon-

254 3744 484 3794 dioionis
515 3741 846 3808 significatio
885 3740 904 3807 ΙΙ
938 3742 1041 3793 379
1072 3738 1141 3793 Ν.
1170 3757 1228 3807 p.
1267 3740 1332 3790 26
1369 3739 1575 3791 rabulae
1617 3737 1627 3807 Ι
1670 3739 1922 3790 aitharum
1957 3752 2214 3790 musarum
2246 3739 2255 3803 Ι
2285 3739 2405 3805 quia

255 3826 461 3878 gregem
487 3811 508 3878 fl
534 3813 633 3863 380
670 3809 738 3862 Ν.
767 3825 825 3874 p.
850 3811 950 3862 478
988 3807 1287 3860 murmurari
1319 3811 1327 3872 Ι
1358 3807 1502 3859 autoi
1540 3809 1642 3858 alii
1676 3808 1940 3872 (sequitur
1975 3807 2130 3871 idem)
2156 3807 2176 3871 ΙΙ
2199 3809 2295 3860 381
2336 3806 2406 3860 Ν.

247 3896 306 3945 p.
344 3882 411 3933 26
443 3879 749 3945 lingulacae.
819 3877 1208 3928 conlocandum
1243 3880 1364 3926 erat
1395 3881 1519 3927 ante
1553 3874 1625 3937 s'r.
1663 3877 1766 3927 379
1800 3878 1930 3940 quia
1965 3877 2025 3925 in
2058 3878 2246 3927 satura
2282 3879 2409 3926 ante

255 3949 534 4014 legabatur
562 3949 570 4014 Ι
600 3946 778 3998 residit
810 3945 1096 4012 lingulace:
1144 3960 1218 3994 an
1252 3943 1452 3995 sedati?
1490 3946 1509 4010 ΙΙ
1555 3945 1654 3998 382
1689 3942 1756 3995 Ν.
1790 3960 1843 4010 p.
1882 3945 1979 3997 213
2028 3945 2354 4009 margaritum
2392 3942 2401 4011 Ι

256 4016 526 4083 margarita
564 4013 1062 4079 mutamisima'rgdos
1086 4011 1106 4079 ΙΙ
1131 4014 1232 4066 383
1268 4011 1335 4063 Ν.
1355 4028 1407 4077 p.
1429 4015 1493 4066 83
1535 4012 1737 4065 chortes
1767 4010 1778 4079 Ι
1808 4012 1914 4062 vixi
1940 4012 2264 4079 promiscaris
2290 4010 2405 4063 mei.

255 4089 429 4152 potest
460 4085 668 4135 mutari
701 4084 760 4132 in
796 4083 1160 4133 hexametrum
1186 4080 1461 4146 (promisca
1487 4080 1640 4132 Ceres
1675 4082 1776 4145 me)
