2881 4580
1123 374 1130 379 .
1172 326 1496 384 SERMONIS

259 499 562 568 phaecasiae
600 501 664 552 67
737 498 1048 565 phaecasiati
1087 500 1152 552 82

259 569 547 637 phantasia,
584 582 688 619 non
723 566 877 619 homo
914 568 983 619 38

259 638 551 705 pharmace,
569 635 823 702 responde
847 637 942 687 107
972 620 1018 686 a*
1038 637 1293 708 φαρμακέ

260 706 372 773 pica
407 704 696 772 pulvinaris
733 705 796 755 37

259 789 410 826 nemo
449 772 627 825 Iovem
666 771 756 839 pili
791 770 912 822 facit
947 772 1014 823 44

260 840 522 908 quomodo
567 840 799 905 singulos
845 837 1041 906 pilabat
1084 842 1289 902 [tracta-

329 910 436 972 bat]
476 910 543 961 44
649 922 813 958 arram
847 906 1029 974 pilavit
1062 910 1129 960 43

260 976 511 1029 Incuboni
566 977 613 1044 pi
660 991 777 1028 eum
828 989 1005 1041 rapere
1054 978 1119 1029 38

332 1044 543 1112 pilleata
566 1046 631 1097 65
656 1045 720 1096 66
756 1058 879 1111 aper
904 1042 1146 1109 pilleatus
1165 1046 1229 1095 40
1246 1060 1288 1096 s.

264 1113 373 1165 sive
410 1113 596 1180 planus
632 1112 744 1164 sive
780 1115 1058 1164 nocturnus
1092 1125 1291 1178 grassa-

334 1186 415 1233 tor
451 1183 519 1233 82
591 1179 728 1247 plani
768 1182 865 1233 140

260 1249 513 1317 platanon
555 1250 650 1300 126
691 1249 785 1301 131

262 1317 513 1370 urceatim
549 1315 794 1383 plovebat
818 1318 884 1368 44

266 1385 397 1436 abiit
432 1384 497 1436 ad
535 1384 706 1450 plures
744 1385 809 1436 42
846 1383 919 1435 ad
952 1381 1156 1443 inferos

264 1452 509 1505 mulieres
532 1451 792 1518 plussciae
817 1453 881 1504 63

266 1536 457 1589 pompa
476 1521 541 1574 60
569 1517 836 1581 ferculum
858 1535 1015 1589 sacro
1049 1521 1164 1568 ritu
1194 1533 1291 1585 pa-

334 1593 520 1640 ratum

268 1657 461 1709 bellum
490 1671 698 1724 pomum
719 1656 808 1722 qui
830 1654 1054 1707 rideatur
1079 1654 1208 1706 alios
1229 1656 1291 1706 57

265 1726 410 1778 dices
435 1725 520 1776 hic
545 1739 730 1791 porcos
750 1728 925 1776 coctos
949 1722 1208 1775 ambulare
1226 1725 1293 1776 45

336 1793 562 1845 rusticus
596 1793 792 1843 varium
828 1806 1040 1858 porcum
1066 1790 1296 1858 perdide-

337 1865 417 1913 rat
455 1864 520 1913 45

268 1930 483 1996 porcino
531 1927 743 1981 extorsit
791 1929 856 1980 48
904 1925 995 1991 (σῙί
1040 1942 1297 1993 magnum

337 1996 633 2048 bur-cellum
675 1998 735 2046 in
771 1995 909 2047 libro
949 1995 1014 2046 de
1045 1998 1297 2047 monstris

328 2082 394 2131 p.
429 2065 480 2128 9,
515 2065 552 2117 3
587 2065 828 2131 Hauptii)
1211 2110 1212 2113 ,

270 2147 393 2201 prae
427 2133 605 2185 literas
639 2134 705 2185 46
772 2147 895 2199 prae
931 2132 1062 2184 mala
1100 2135 1165 2186 39

268 2200 479 2269 lapillos
517 2204 874 2267 praecantatos
898 2202 991 2254 131
1031 2216 1131 2252 non
1153 2215 1296 2268 prae-

341 2269 561 2322 cantatis
598 2268 790 2322 osculis
829 2270 922 2322 131

272 2339 428 2390 homo
466 2336 756 2405 praefiscini
793 2337 924 2403 frugi
962 2341 1026 2390 73

274 2406 458 2458 habuit
494 2407 688 2472 praxim
725 2407 790 2458 39

271 2476 434 2527 simus
472 2489 500 2525 a
537 2474 775 2541 primitiis
810 2472 999 2525 hilares
1035 2473 1099 2524 59

271 2542 664 2610 promulsidaria
702 2544 764 2595 31

271 2610 805 2732 ⁹¹2¹2¹22¹2¹2¹¹¹v33235
828 2611 1300 2742 5:322„ssssssae

341 2763 498 2797 navt!

273 2815 325 2866 in
402 2817 643 2881 rospectu
680 2814 746 2865 66

270 2882 364 2951 pul
386 2882 525 2934 arius
561 2883 625 2934 43
662 2874 1030 2948 παιδεραστής

273 2950 432 3003 mulsi
468 2949 744 3016 pultarium
781 2951 847 3000 42

273 3033 444 3086 aeque
463 3022 545 3070 est
561 3032 622 3069 ac
639 3018 682 3069 si
703 3018 755 3069 in
771 3022 977 3083 puteum
999 3015 1222 3068 conicias
1234 3015 1299 3080 42

1190 989 1287 1026 0V8

276 3151 564 3221 quadrigae
599 3166 742 3204 meae
767 3151 1165 3204 decucurrerunt
1201 3153 1267 3203 64

275 3221 464 3273 mulier
488 3235 619 3287 quae
645 3220 827 3272 mulier
850 3221 1115 3271 milvinum
1140 3234 1302 3285 genus

348 3291 415 3341 42
443 3290 527 3352 (ut
545 3288 725 3341 Varro
761 3288 943 3341 mulier
967 3302 1097 3355 quae
1123 3287 1303 3339 mulier

279 3356 644 3505 angliam
682 3423 1088 3491 quattuordecim
1124 3422 1307 3474 trausi-

279 3492 411 3629 qulild
430 3493 608 3627 difflue
627 3562 691 3612 45
714 3574 808 3611 nec
819 3556 941 3627 quid
958 3573 1054 3610 nec
1071 3573 1227 3624 quare
1239 3560 1306 3612 38

280 3634 481 3681 tantum
519 3627 658 3694 quod
683 3629 747 3679 76
783 3628 886 3680 dixi
924 3624 1062 3693 quod
1098 3627 1307 3679 mustel-

350 3696 400 3748 la
437 3695 657 3748 comedit
691 3698 756 3748 46
815 3696 917 3747 scis
942 3694 1079 3761 quod
1105 3698 1164 3748 71
1231 3696 1305 3746 vi·

352 3764 442 3816 des
468 3762 606 3830 quod
634 3764 725 3817 131
766 3761 1052 3816 suboll'acio
1081 3762 1217 3830 quod
1238 3766 1304 3816 45

279 3904 421 3952 recte
455 3902 716 3950 minantis
751 3900 815 3953 58
854 3902 922 3952 74

279 3968 527 4020 recutitus
564 3969 629 4020 68

278 4035 435 4088 redde
472 4035 611 4103 quod
647 4034 805 4088 debes
832 4039 895 4088 57
951 4035 1051 4086 iarn
1087 4033 1179 4086 tibi
1216 4033 1302 4086 de-

353 4104 751 4171 praesentiarum
787 4103 1120 4156 reddidissem
1156 4104 1220 4155 58

2281 325 2402 385 133

1389 512 1480 551 sua
1500 512 1555 549 re
1584 496 1750 549 facere
1772 499 1835 548 47
1857 498 1923 550 66
1946 497 2167 550 reddere
2186 503 2408 552 obscena

1458 564 1529 627 cf:
1552 564 1719 617 facere
1754 570 1809 615 et
1840 580 1953 617 mea
1989 580 2043 617 re
2067 565 2168 619 fert
2235 572 2290 619 tu
2316 569 2408 621 do-

1455 633 1645 686 minam
1672 640 1809 685 tuam
1835 632 1899 685 de
1934 633 2087 686 rebus
2111 634 2214 687 illis
2238 636 2406 690 fecisti

1458 706 1520 755 77
1591 716 1674 753 res
1708 705 1823 753 tuas
1858 701 2001 753 ocius
2038 703 2163 756 tolle
2200 707 2265 757 79

1387 775 1508 838 post
1544 773 1595 821 te
1630 784 1733 821 non
1768 769 1983 837 respicis
2019 772 2082 823 57

1387 843 1705 890 retroversus
1758 837 1941 890 crescit
1993 843 2234 906 tanquam
2281 840 2408 893 coda

1456 906 1606 958 vituli
1644 908 1711 958 44
2328 932 2335 941 ·

1390 974 1478 1041 qui
1515 973 1613 1027 fuit
1650 987 1787 1037 rana,
1823 987 1959 1026 nunc
1992 978 2073 1026 est
2108 990 2197 1028 rex
2222 979 2284 1027 77
2324 991 2410 1028 ce·

1458 1056 1579 1094 nare
1615 1039 1872 1109 quomodo
1907 1056 1995 1094 rex
2031 1044 2095 1095 38
2199 1102 2203 1107 .

1388 1124 1471 1161 me
1507 1124 1609 1161 non
1647 1108 1805 1161 facias
1839 1109 2123 1176 tingentem
2159 1113 2224 1162 75

1388 1178 1443 1228 in
1478 1183 1622 1229 rutae
1658 1177 1838 1230 folium
1874 1178 2106 1231 conicere
2143 1181 2209 1232 58
2245 1180 2306 1232 37

1391 1316 1635 1366 sonantes
1671 1326 1787 1364 aere
1824 1312 2042 1366 sacellos
2081 1317 2177 1368 140

1392 1379 1709 1433 salamandra
1745 1380 2014 1448 supercilia
2052 1383 2247 1435 exussit
2283 1386 2380 1437 107

1394 1447 1640 1517 quicquid
1676 1447 1741 1499 ad
1777 1448 1992 1501 salivam
2032 1448 2155 1502 facit
2190 1453 2256 1504 48

1393 1521 1516 1569 sunt
1557 1520 1728 1568 vestra
1775 1515 1919 1568 salva
1967 1520 2030 1571 58
2114 1518 2312 1571 salvum
2348 1521 2416 1573 sit

1497 1583 1600 1637 uod
1637 1591 1793 1651 tango
1830 1586 1895 1637 63

1393 1667 1486 1719 sap
1508 1658 1630 1705 utus
1667 1654 1729 1705 37
1769 1648 2062 1717 ζάπλουτος

1394 1719 1748 1774 saviunculum
1785 1723 1851 1773 66

1397 1787 1770 1842 scabitudinem
1806 1789 1959 1841 animi
1995 1792 2061 1844 99

1396 1857 1586 1923 largior
1623 1872 1807 1910 scaena
1849 1859 1943 1911 117

1395 1924 1654 1992 sciniphes
1690 1928 1754 1979 98
1804 1928 2023 1993 σκνῖφεε
2058 1925 2152 1991 (cf.
2190 1926 2422 1995 Sulpicii

1465 1995 1647 2045 clu-on.
1672 1994 1703 2044 1
1724 1995 1806 2056 14,
1830 1995 1863 2045 4
1897 1999 1950 2045 et
1966 1996 2332 2063 Phrynichum
2360 2014 2419 2063 p.

1465 2061 1568 2114 399
1600 2078 1641 2113 s.
1678 2060 1948 2126 Lobecleit')
2246 2085 2253 2094 ·

1398 2128 1596 2181 reddita
1622 2129 1855 2181 scordalo
1877 2130 1989 2182 vice
2016 2133 2079 2184 95
2118 2133 2256 2199 agite
2281 2148 2419 2186 scor-

1469 2195 1631 2248 dalias
1667 2196 1730 2249 de
1765 2196 1934 2249 medio
1970 2202 2035 2253 59

1399 2270 1567 2318 scruta
1606 2266 1734 2317 scita
1771 2265 2011 2334 expedire
2047 2269 2113 2320 62

1399 2349 1492 2401 per
1527 2340 1727 2385 scutum
1765 2350 1854 2401 per
1878 2349 2080 2387 ocream
2115 2337 2318 2403 aginavi
2355 2340 2415 2390 61

1468 2404 1710 2453 omnibus
1743 2404 2007 2454 machinis
2042 2408 2297 2470 temptavi

1400 2469 1582 2522 mulier
1617 2470 1898 2523 secutuleia
1937 2472 2002 2523 84

1397 2537 1770 2590 semicinctium
1808 2542 1875 2593 94
2004 2593 2007 2596 ,

1400 2606 1642 2673 serisapia
1680 2608 1743 2659 56
1990 2641 1995 2646 -

1400 2688 1634 2794 2331?
1638 2689 1699 2794 ῗῖι
1721 2674 2238 2797 ετξὶἶιῗξιῗυέθοέἓηῑιῑε
2277 2747 2370 2799 107

1467 2813 1722 2875 stigmata

1401 2880 1677 2931 sessorium
1715 2879 2123 2933 cubiculum‘w·

1401 2946 1536 2999 sicca
1573 2946 1742 2999 sobria
1778 2949 1841 3000 37

1404 3015 1659 3068 sociorum
1696 3016 1800 3067 olla
1836 3015 1968 3068 male
2004 3016 2170 3070 fervet
2205 3019 2272 3071 38

1406 3082 1622 3150 putabat
1668 3098 1724 3135 se
1761 3084 1946 3136 solium
1980 3084 2116 3137 lovis
2154 3091 2324 3137 tenere
2360 3089 2419 3138 51

1474 3151 1661 3203 solium
1697 3155 1757 3202 in
1792 3153 1993 3204 balneis
2031 3154 2095 3204 73
2133 3156 2198 3206 92

1404 3218 1633 3271 libidinis
1671 3234 1794 3272 suae
1830 3220 1998 3273 solum
2032 3222 2186 3272 vertit
2223 3223 2283 3274 81

1406 3287 1717 3339 somniorum
1753 3288 2201 3354 interpretamenta
2242 3291 2301 3341 10

1406 3354 1650 3422 sopiones
1663 3357 1726 3407 22
1737 3353 1968 3416 fortasse
1982 3358 2236 3408 carbones
2249 3359 2429 3407 exusti

1405 3423 1806 3491 spatalocinaedi
1840 3425 1904 3476 23

1406 3491 1619 3558 spintria
1660 3493 1757 3545 113

1406 3559 1460 3611 in
1494 3560 1662 3611 sinum
1698 3573 1847 3611 suum
1882 3575 1984 3612 non
2021 3558 2159 3627 spuit
2195 3562 2260 3611 74

1406 3627 1706 3680 staminatas
1742 3628 1862 3679 duxi
1899 3631 1964 3682 41
2028 3630 2278 3693 potiones
2312 3630 2432 3679 vim·

1475 3710 1701 3760 magnas
1718 3699 1830 3747 sive
1846 3714 1879 3748 a
1893 3695 2123 3763 στάμνφ
2140 3699 2251 3747 sive
2269 3713 2302 3747 a
2319 3701 2429 3747 sta-

1474 3766 1616 3813 mine
1650 3779 1842 3816 nomen
1878 3769 2172 3816 traxerunt

1406 3831 1698 3883 statuncula
1736 3836 1801 3885 50

1405 3898 1567 3951 stelae
1603 3901 1669 3952 62
1705 3896 1901 3972 στῆλαι

1405 3967 1549 4018 vafer
1584 3972 1637 4021 et
1671 3983 1887 4037 magnus
1922 3970 2075 4022 stelio
2114 3973 2178 4022 50

1404 4035 1684 4089 sterilicula
1723 4039 1787 4092 35

1405 4104 1614 4156 sterteia
1651 4108 1716 4157 75
