2881 4580
1211 224 1509 326 *PRlAPEA
2280 276 2401 334 145

467 463 593 525 qua
624 445 775 508 salva
807 445 937 507 sine
977 445 1424 519 sectionefacta
2263 457 2320 511 10

467 540 738 611 ponetur
767 530 873 593 tibi
906 531 1081 610 picta,
1114 549 1290 610 quam
1320 530 1548 603 levariS‚

472 634 721 696 compar
748 616 1192 695 consimilisque
1222 614 1665 695 concolorque'.

473 702 749 781 promisit
777 702 904 763 l’ore
936 701 1378 781 mentulamque
1404 701 1587 763 movit

472 805 588 866 pro
620 796 772 849 nutu
801 788 946 849 deus
977 795 1035 848 et
1065 796 1268 866 rogata
1299 787 1456 848 fecit.

1178 938 1468 999 XXXVIII

467 1056 838 1138 Simpliciter
868 1058 975 1120 tibi
1005 1077 1119 1133 me,
1152 1058 1553 1137 quodcunque
1585 1066 1690 1134 est,
1722 1057 1919 1121 dicere
1953 1067 2208 1141 oportet,

513 1156 516 1159 ’
554 1152 762 1205 natura
794 1152 883 1206 est
912 1144 1191 1223 quoniam
1223 1160 1458 1221 semper
1488 1151 1687 1221 aperta
1719 1144 1885 1206 mihi:

470 1229 747 1308 pedicare
776 1230 929 1304 volo,
962 1238 1027 1291 tu
1057 1230 1143 1291 vis
1172 1229 1495 1307 decerpere
1524 1246 1732 1308 poma;

556 1314 714 1393 quod
746 1324 905 1394 peto,
938 1314 988 1376 si
1018 1314 1266 1389 dederis,
1299 1313 1456 1392 quod
1490 1313 1660 1391 petie,
1693 1314 1963 1393 accipies.

1163 1465 1482 1527 XXXVIIII

471 1583 688 1646 Forma
717 1585 1046 1647 Mercurius
1077 1593 1274 1666 potest
1303 1585 1556 1664 placere,

471 1670 661 1731 forma
693 1670 1153 1751 conspiciendus
1183 1679 1273 1732 est
1301 1671 1532 1750 Apollo,

468 1755 771 1818 formosus
794 1774 1036 1835 quoque
1063 1756 1331 1837 pingitur
1354 1755 1600 1835 LyaeuS‚

475 1841 934 1903 formosissimus
965 1842 1232 1902 omnium
1263 1849 1352 1903 est
1382 1840 1632 1921 Cupido,

474 1944 568 1987 me
598 1927 804 2006 pulcra
835 1927 1027 1988 fateor
1055 1944 1258 1988 carere
1289 1927 1497 2000 forma,
2286 1936 2316 1987 5

468 2028 674 2073 verum
708 2011 971 2073 mentula
1001 2012 1304 2073 luculenta
1336 2019 1543 2073 nostra
1567 2019 1685 2073 est:

474 2096 627 2158 hanc
656 2098 878 2159 mavult
905 2097 1017 2159 sibi
1047 2115 1223 2176 quam
1256 2096 1400 2158 deos
1436 2096 1684 2177 prioreS‚

464 2181 521 2243 si
551 2200 666 2261 qua
697 2192 787 2245 est
816 2201 938 2244 non
970 2182 1114 2244 fatui
1143 2181 1338 2262 puella
1369 2181 1576 2242 cunni.

1215 2317 1426 2378 XXXX

466 2420 619 2483 Nota
650 2419 995 2483 Suburanas
1025 2421 1181 2482 inter
1211 2420 1526 2481 Telethusa
1556 2417 1801 2499 puellas,

546 2524 716 2586 quae,
747 2515 913 2587 puto,
944 2506 1016 2567 de
1048 2513 1295 2586 quaestu
1325 2505 1510 2565 libera
1540 2504 1690 2565 facta
1720 2521 1826 2565 suo
1860 2511 1967 2575 est,

463 2591 657 2672 cingit
690 2593 959 2654 inaurata
991 2609 1207 2671 penem
1239 2589 1366 2663 tibi,
1399 2596 1625 2664 sancte,
1657 2606 1914 2650 corona:

546 2677 710 2739 hunc
738 2678 1009 2758 pathicae
1037 2676 1252 2739 summi
1284 2675 1549 2736 numinis
1578 2675 1766 2738 instar
1793 2672 2033 2734 habent.

1204 2828 1443 2890 XXXXI

467 2945 754 3027 Quisquis
783 2948 1013 3010 venerit
1042 2949 1177 3022 huc,
1208 2956 1383 3028 poeta
1415 2948 1517 3008 fiat

466 3041 532 3093 et
560 3051 763 3095 versus
794 3033 934 3094 mihi
968 3032 1201 3095 dedicet
1228 3034 1483 3095 iocosos.

437 3187 440 3188 γ
473 3118 577 3197 qui
608 3137 730 3180 non
764 3118 988 3193 fecerit,
1020 3118 1179 3179 inter
1208 3118 1473 3180 eruditos

472 3203 856 3266 ficosissimus
886 3202 1146 3264 ambulet
1175 3210 1398 3284 poetas,

1192 3354 1459 3416 XXXXII

474 3473 688 3536 Laetus
718 3474 1083 3555 Aristagoras
1113 3475 1267 3536 natis
1296 3474 1454 3536 bene
1485 3474 1686 3535 vilicus
1716 3471 1843 3533 uvis

549 3559 622 3620 de
653 3578 787 3621 cera
818 3562 968 3622 sacta
1000 3560 1098 3621 dat
1127 3558 1235 3622 tihi
1268 3578 1463 3640 poma,
1495 3559 1660 3620 deuS.

471 3653 533 3706 at
562 3652 628 3706 tu
660 3646 873 3707 sacrati
904 3654 1225 3708 contentus
1254 3644 1512 3723 imagine
1541 3643 1704 3724 pomi

552 3730 643 3791 sae
670 3748 841 3793 veros
873 3732 1101 3794 fructus
1131 3731 1247 3805 ille,
1283 3730 1514 3811 Priape,
1545 3729 1714 3790 ferat.

412 3912 642 3965 XXXVII
682 3915 743 3967 12
779 3928 938 3981 parva
974 3919 1026 3967 et
1051 3912 1434 3980 consimilisque
1463 3910 1482 3981 ΙΙ
1506 3911 1692 3964 XXXX
1714 3916 1737 3965 1
1762 3911 1998 3964 celesina
2004 3911 2404 3967 Laurentianus

240 3982 306 4033 id
344 3987 425 4033 eet
458 3981 698 4034 Telesina
737 3982 746 4049 Ι
790 3986 821 4035 2
856 3988 980 4049 puta
1017 3983 1187 4035 codex
1226 3980 1680 4049 Guelferbytanus
1716 3981 1735 4049 11
1772 3979 1997 4032 XXXXII
2045 3983 2074 4034 2
2112 3982 2274 4084 factas
2311 3981 2399 4036 dat

193 4109 198 4114 ,
245 4050 339 4103 tibi
377 4049 513 4103 dona
551 4051 831 4117 Hauptiue.
904 4065 1036 4117 cera,
1073 4049 1234 4117 fundi,
1270 4049 1358 4103 dat
1394 4052 1725 4103 conieceram

347 4142 553 4187 Petronii
580 4142 748 4186 satirae
778 4141 850 4186 ed.
879 4141 940 4185 111
1524 4179 1533 4188 .
1924 4136 1986 4187 10
