2881 4580
1201 277 1482 333 sumar:
2332 279 2413 339 33

179 461 234 511 Η
264 469 553 513 memnon
585 451 732 512 mihi
762 450 1093 523 carissime,
1140 452 1431 531 numquid
1461 451 1774 513 duodecim
1802 469 2115 514 aerumnas
2145 452 2417 514 Herculis

264 548 456 611 tenes,
488 545 594 597 aut
622 535 696 596 de
726 534 891 597 Vlixe
919 535 1195 610 fabulam,
1227 536 1717 615 quemadmodum
1749 537 1831 599 illi
1864 537 2113 617 Cyclops
2139 536 2413 617 pollicem

265 621 519 701 porcino
550 618 844 683 extorsit?
887 620 1146 683 solebam
1179 620 1323 683 haec
1354 640 1465 700 ego
1495 640 1648 702 puer
1674 622 1832 702 apud
1854 622 2177 685 Homerum
2198 623 2413 702 legere.

267 725 405 768 nam
448 705 737 786 Sibyllam
783 706 1017 785 quidem
1065 707 1263 769 Cumis
1306 726 1417 803 ego
1461 708 1591 787 ipse
1635 708 1822 769 oculis
1865 707 2013 768 meis
2040 706 2154 768 vidi
2199 708 2261 769 in
2291 726 2415 768 am-

190 806 220 854 5
266 792 424 871 pulla
456 793 759 871 pendere,
790 802 851 852 et
879 810 1016 853 cum
1047 792 1129 853 illi
1160 792 1330 871 pueri
1360 792 1660 855 dicerent:
1705 792 2018 874 Σίβυλλα,
2048 796 2119 857 τί
2146 792 2415 873 abisag,-

266 877 673 957 respondebat
702 877 826 938 illa.
860 867 1241 942 ἀποθανεῖν
1269 876 1499 942 θέλω]

434 962 710 1024 nondum
739 962 1039 1024 efflaverat
1080 963 1309 1036 omnia,
1354 982 1492 1025 cum
1534 963 1949 1043 repositorium
1994 981 2129 1024 cum
2172 981 2279 1024 sue
2322 964 2415 1024 in-
2435 965 2515 1027 49

266 1048 428 1126 genti
472 1065 745 1109 mensam
790 1048 1116 1127 occupavit.
1206 1048 1405 1109 mirari
1451 1068 1561 1111 nos
1604 1049 1962 1110 celeritatem
2006 1047 2313 1128 coepimus
2356 1059 2417 1110 et

268 1134 482 1207 iurare,
516 1152 594 1195 ne
625 1133 842 1211 gallum
874 1133 1108 1211 quidem
1128 1133 1522 1211 gallinaceum
1544 1144 1661 1196 tam
1685 1134 1802 1194 cito
1824 1134 2111 1214 percoqui
2136 1133 2416 1214 potuisse,

170 1230 226 1280 10
268 1227 433 1279 tanto
466 1217 711 1296 quidem
742 1217 956 1297 magiS,
1001 1219 1159 1297 quod
1191 1218 1369 1298 longe
1398 1219 1588 1280 maior
1631 1218 1804 1281 nobis
1847 1238 2067 1299 porcus
2110 1219 2417 1281 videbatur

269 1322 425 1378 esse,
458 1322 640 1382 quam
670 1303 845 1382 paulo
876 1313 1015 1365 ante
1044 1321 1189 1383 aper
1216 1305 1428 1366 suerat.
1490 1303 1702 1366 deinde
1745 1303 1929 1382 magis
1953 1304 2255 1382 magisque
2284 1305 2416 1365 Tri-

271 1388 520 1449 malchio
552 1388 797 1450 intuens
827 1406 960 1449 eum
994 1386 1202 1467 ‘quid‘l
1261 1387 1467 1468 quidP
1525 1389 1720 1467 inquit
1764 1395 2002 1468 ‘porcus
2043 1389 2140 1449 hic
2172 1408 2293 1450 non
2324 1399 2417 1451 est

273 1471 681 1534 exinteratus?
742 1492 865 1535 non
896 1473 1266 1535 mehercules
1311 1484 1418 1537 est.
1478 1492 1648 1546 voca,
1679 1492 1820 1534 voca
1853 1491 2063 1535 cecum
2090 1473 2152 1535 in
2185 1473 2415 1536 medio'.

272 1576 406 1619 cum
437 1558 803 1620 constitisset
845 1560 917 1620 ad
947 1576 1214 1623 mensam
1244 1577 1425 1621 cocus
1469 1559 1651 1621 tristis
1694 1568 1752 1620 et
1795 1558 2020 1620 diceret
2060 1578 2124 1620 se
2168 1558 2416 1620 oblitum

168 1656 224 1705 15
270 1662 395 1707 esse
441 1644 811 1717 eximerere,
870 1642 1073 1722 ‘quid‘I
1132 1642 1412 1706 oblitus‘I'
1501 1644 1855 1705 Trimalchio
1901 1643 2183 1705 exclamat
2226 1651 2419 1724 ‘putes

271 1728 436 1791 illum
465 1729 641 1808 piper
669 1738 729 1791 et
756 1729 1061 1790 cuminum
1096 1748 1217 1790 non
1251 1730 1592 1791 coniecisse.
1637 1729 1936 1810 despolia'.
1983 1749 2106 1790 non
2139 1731 2205 1791 fit
2230 1747 2416 1803 mora,

271 1812 638 1893 despoliatur
680 1832 860 1875 cocus
900 1823 1092 1893 atque·
1120 1815 1278 1875 inter
1333 1816 1484 1877 duos
1533 1825 1788 1877 tortores
1832 1824 2089 1876 maestus
2130 1814 2418 1877 consistit.

271 1899 578 1978 deprecari
621 1908 820 1960 tamen
853 1917 1061 1961 omnes
1090 1910 1422 1979 coeperunt
1465 1910 1526 1963 et
1553 1900 1784 1962 dicere:
1830 1900 2000 1962 ‘solet
2040 1901 2200 1976 fieri3
2245 1918 2418 1979 roga-

272 2002 433 2060 muS,
465 1984 697 2057 mittas3
742 1993 947 2063 postea
976 1984 1026 2046 si
1056 1985 1293 2060 fecerit,
1341 2004 1516 2048 nemo
1563 1995 1836 2047 nostrum
1880 2004 1989 2065 pro
2020 1985 2121 2046 illo
2150 1986 2416 2064 rogabit’.

168 2079 227 2131 20
271 2088 400 2149 ego,
433 2069 873 2131 crudelissimae
912 2069 1256 2144 severitatis,
1297 2090 1418 2132 non
1454 2071 1622 2150 potui
1651 2089 1746 2132 me
1776 2080 2002 2143 tenere,
2035 2071 2138 2131 sed
2167 2070 2418 2132 inclina-

271 2163 368 2215 tus
408 2155 482 2215 ad
527 2172 734 2215 aurem
777 2156 1238 2234 Agamemnonis
1282 2155 1496 2235 ‘plane'
1540 2157 1783 2235 inquam
1827 2156 1941 2217 ‘hic
1996 2154 2175 2217 debet
2215 2174 2420 2217 servus

273 2258 403 2303 esse
432 2240 861 2320 nequissimus3
892 2240 1103 2320 aliquis
1133 2240 1578 2303 oblivisceretur
1608 2258 1855 2321 porcum
1887 2237 2262 2302 exinterare?
2295 2259 2417 2302 non

271 2325 646 2388 mehercules
675 2326 757 2387 illi
786 2326 1190 2405 ignoscerem,
1236 2326 1286 2387 si
1316 2327 1541 2405 piscem
1570 2325 1981 2405 praeterisset’.
2041 2335 2102 2385 at
2129 2344 2255 2387 non
2287 2325 2419 2385 Tri-

272 2409 561 2484 malchio,
617 2411 721 2490 qui
773 2412 1029 2473 relaxato
1088 2412 1150 2472 in
1195 2410 1544 2472 hilaritatem
1588 2411 1749 2471 vultu
1798 2409 1978 2490 ‘ergo'
2023 2409 2221 2488 inquit
2263 2410 2419 2489 ‘quia

167 2506 226 2556 25
270 2505 388 2556 tam
432 2496 623 2557 malae
666 2497 984 2558 memoriae
1028 2515 1124 2568 es,
1183 2496 1374 2575 palam
1422 2496 1596 2558 nobis
1624 2496 1788 2557 illum
1818 2495 2123 2557 exintera’.
2182 2504 2420 2575 recepta

272 2600 455 2643 cocus
482 2581 685 2642 tunica
717 2582 974 2644 cultrum
1004 2581 1257 2660 arripuit
1284 2582 1575 2661 porcique
1596 2591 1862 2642 ventrem
1885 2581 2028 2642 hinc
2051 2590 2227 2660 atque
2258 2580 2420 2642 illinc

268 2666 471 2729 timida
501 2684 685 2727 manu
730 2668 935 2730 secuit.
995 2686 1106 2729 nec
1137 2684 1330 2741 mora,
1377 2686 1448 2728 ex
1492 2667 1680 2746 plagis
1722 2666 2005 2746 ponderis
2035 2664 2418 2729 inclinatione

272 2751 679 2813 crescentibus
708 2752 998 2814 tomacula
1029 2771 1165 2813 cum
1194 2751 1412 2814 botulis
1443 2753 1628 2814 effusa
1656 2761 1816 2814 sunt.

440 2836 714 2915 plausum
743 2847 876 2916 post
903 2838 1018 2898 hoc
1047 2847 1408 2899 automatum
1438 2838 1654 2898 familia
1684 2837 1844 2898 dedit
1872 2847 1931 2898 et
1960 2835 2124 2897 ‘Gaio
2153 2835 2419 2897 feliciter’
2441 2836 2521 2897 50

165 2933 227 2984 30
271 2921 675 2983 conclamavit.
737 2940 849 2983 nec
895 2942 1015 2983 non
1064 2941 1244 2985 cocus
1286 2924 1533 3002 potione
1577 2923 1905 2984 honoratus
1936 2931 2026 2983 est
2055 2930 2115 2982 et
2144 2932 2420 3000 argentea

272 3025 517 3082 corona,
547 3006 948 3087 poculumque
978 3008 1040 3068 in
1072 3007 1241 3070 lance
1272 3008 1502 3087 accepit
1532 3007 1852 3069 Corinthia.
1901 3025 2076 3086 quam
2108 3025 2246 3068 cum
2269 3006 2421 3086 Aga-

271 3110 559 3154 memnon
603 3092 851 3172 propius
892 3092 1320 3166 consideraret,
1365 3093 1446 3154 ait
1489 3092 1872 3153 Trimalchio:
1919 3092 2098 3153 ‘solus
2141 3110 2274 3154 sum
2318 3093 2421 3171 qui

271 3194 410 3238 vera
441 3176 759 3239 Corinthea
786 3177 1069 3240 habeam’.
1129 3177 1542 3258 expectabam,
1588 3189 1656 3238 ut
1697 3197 1808 3258 pro
1851 3177 2078 3257 reliqua
2108 3177 2424 3237 insolentia

272 3261 500 3323 diceret
539 3261 651 3324 sibi
681 3281 813 3325 vasa
846 3262 1131 3325 Corintho
1176 3264 1392 3324 afferri.
1454 3264 1555 3324 sed
1601 3262 1698 3324 ille
1739 3263 1986 3325 melius:
2033 3269 2114 3322 ‘et
2156 3261 2421 3322 forsitan'

170 3358 229 3407 35
270 3347 470 3427 inquit
501 3348 793 3426 ‘quaeriS,
825 3366 1008 3427 quare
1038 3348 1199 3409 solus
1230 3348 1548 3409 Corinthea
1581 3367 1715 3409 vera
1744 3348 2105 3429 possideam:
2138 3346 2272 3424 quia
2304 3346 2421 3407 sci-

270 3432 412 3493 licet
451 3433 731 3508 aerarius,
776 3452 809 3493 a
855 3452 974 3512 quo
1019 3451 1181 3508 emo,
1229 3433 1546 3495 Corinthus
1589 3443 1848 3496 vocatur.
1909 3432 2051 3511 quid
2094 3440 2185 3492 est
2226 3440 2420 3492 autem

272 3517 695 3591 Corintheum,
743 3517 856 3579 nisi
901 3517 1034 3597 quis
1063 3518 1413 3580 Corinthum
1445 3516 1659 3580 habet?
1719 3528 1778 3580 et
1823 3537 1897 3579 ne
1941 3535 2034 3577 me
2064 3517 2284 3597 putetis
2313 3536 2421 3578 ne-

272 3603 501 3682 sapium
535 3622 681 3677 esse,
711 3602 875 3664 valde
905 3602 1060 3664 bene
1089 3604 1245 3678 scio,
1290 3604 1450 3665 unde
1481 3604 1736 3683 primum
1771 3603 2088 3665 Corinthea
2124 3613 2255 3663 nata
2285 3602 2422 3664 sint.

274 3706 410 3749 cum
441 3687 611 3750 Ilium
643 3697 881 3766 captum
913 3696 1031 3762 est,
1078 3688 1403 3762 Hannibal,
1450 3689 1629 3750 homo
1672 3691 1831 3750 vafer
1863 3698 1924 3749 et
1952 3705 2203 3766 magnus
2231 3688 2421 3761 stelio,

174 3782 232 3832 40
273 3791 483 3835 omnes
526 3782 748 3835 statuas
791 3791 1004 3834 aeneas
1048 3782 1106 3833 et
1148 3792 1357 3835 aureas
1402 3783 1463 3834 et
1507 3784 1815 3853 argenteas
1870 3774 1930 3835 in
1981 3791 2164 3835 unum
2207 3791 2422 3853 rogum

447 3976 477 4026 3
535 3974 766 4042 poricino
806 3973 916 4042 1119
969 3974 1144 4026 mittes
1171 3973 1191 4041 ΙΙ
1218 3976 1280 4026 23
1336 3975 1406 4025 ita
1460 3978 1587 4040 post
1639 3989 1741 4026 non
1796 3977 2024 4026 antehac
2075 3975 2374 4027 adiecerant
2407 3976 2425 4042 H

280 4044 344 4095 30
380 4043 537 4095 etiam
569 4059 672 4108 pro
709 4047 763 4095 ct
788 4041 808 4111 fl
831 4044 898 4095 39
935 4041 1095 4094 scelio

379 4126 581 4169 Petronii
610 4124 774 4168 satirae
817 4126 889 4171 ed.
917 4124 979 4167 111
1986 4128 2016 4177 3
