2881 4580
1214 288 1495 342 SATIRAE
2345 291 2379 351 7
2393 292 2423 350 l

203 472 246 524 L
271 473 324 525 et
367 464 603 524 frontes
663 461 1038 523 cicatricibus
1082 460 1397 523 scindere?
1459 462 1742 540 numquid
1788 471 1847 523 et
1891 480 2064 524 crura
2110 465 2171 524 in
2219 464 2424 525 orbem

267 545 578 630 pandere?
638 547 926 626 numquid
972 555 1031 607 et
1073 547 1222 609 talos
1265 547 1336 607 ad
1382 556 1602 608 terram
1647 546 1982 609 deducere?
2040 550 2328 628 numquid
2374 560 2427 611 et

267 633 513 696 barbam
560 633 877 712 peregrina
920 632 1151 693 ratione
1194 630 1490 712 figurare?
1542 631 1709 694 color
1752 642 1876 693 arte
1920 634 2287 713 compositus
2331 635 2424 696 in-

268 721 478 799 quinat
496 736 737 798 corpuS‚
769 737 891 779 non
916 726 1121 779 mutat.
1172 717 1389 791 audite,
1422 718 1562 797 quid
1587 718 1809 779 amenti
1830 720 2219 781 succurrerit:
2253 739 2425 800 prae-

198 820 226 869 5
269 806 519 885 ligemus
550 804 809 865 vestibus
832 804 1020 883 capita
1045 811 1104 864 et
1128 822 1237 864 nos
1259 803 1318 863 in
1346 803 1712 883 profundum
1735 804 2108 882 mergamus!
2153 810 2250 865 ‘ne
2273 806 2427 868 istud
2480 806 2599 870 103

270 891 345 951 dii
389 888 787 968 hominesque
831 888 1151 969 patiantur'
1182 888 1511 969 Eumolpus
1555 889 1840 951 exclamat
1869 894 1956 950 ‘ut
1983 909 2086 951 vos
2116 899 2234 951 tam
2264 891 2422 971 turpi

269 976 428 1037 exitu
472 975 646 1035 vitam
692 974 926 1035 finiatis.
987 973 1168 1034 immo
1212 973 1410 1054 potius
1454 974 1658 1049 facite,
1706 974 1864 1054 quod
1893 973 2090 1037 iubeo.
2150 993 2423 1037 mercen-

270 1061 475 1122 narius
504 1078 691 1134 meus,
723 1068 790 1120 ut
811 1077 881 1120 ex
906 1059 1190 1120 novacula
1214 1059 1603 1138 comperistis,
1634 1068 1845 1122 tonsor
1866 1070 1983 1121 est:
2016 1060 2113 1121 hic
2137 1060 2421 1123 continuo

268 1148 435 1207 radat
479 1145 792 1223 utriusque
833 1163 956 1205 non
989 1144 1182 1206 solum
1211 1145 1431 1224 capita,
1477 1144 1579 1206 sed
1611 1145 1786 1206 etiam
1816 1145 2148 1225 supercilia.
2208 1164 2425 1225 sequar

169 1243 225 1295 10
272 1250 383 1311 ego
427 1231 657 1292 frontes
703 1241 918 1291 notans
959 1230 1349 1309 inscriptione
1393 1229 1646 1303 sollerti,
1692 1239 1760 1291 ut
1801 1230 2112 1291 videamini
2154 1231 2424 1311 stigmate

269 1336 399 1378 esse
428 1315 641 1395 puniti.
700 1315 778 1377 ita
809 1314 1048 1376 eaedem
1080 1315 1282 1376 literae
1312 1324 1372 1374 et
1399 1314 1799 1394 suspicionem
1828 1315 2212 1377 declinabunt
2241 1334 2421 1394 quae-

267 1401 528 1463 rentium
560 1409 618 1461 et
646 1400 840 1462 vultus
870 1400 1082 1461 umbra
1111 1400 1386 1480 supplicii
1412 1400 1657 1478 tegent.’

441 1505 563 1547 non
606 1494 696 1547 est
725 1486 897 1547 dilata
928 1485 1186 1560 fallacia,
1233 1485 1334 1546 sed
1365 1484 1438 1546 ad
1469 1486 1621 1546 latus
1653 1484 1865 1564 navigii
1896 1484 2095 1545 furtim
2127 1486 2421 1565 processi-

267 1590 400 1633 mus
447 1571 757 1651 capitaque
802 1590 935 1632 cum
982 1570 1311 1651 superciliis
1354 1571 1708 1632 denudanda
1751 1570 1982 1632 tonsori
2022 1570 2420 1650 praebuimus,

171 1669 226 1719 15
268 1657 534 1737 implevit
561 1656 893 1736 Eumolpus
936 1657 1164 1718 frontes
1192 1656 1503 1735 utriusque
1534 1656 1877 1736 ingentibus
1906 1655 2090 1716 literis
2119 1666 2180 1716 et
2210 1664 2418 1717 notum

174 1782 183 1795 2
266 1743 646 1821 fugitivorum
707 1743 1064 1821 epigramma
1110 1759 1217 1821 per
1261 1749 1443 1803 totam
1490 1742 1696 1803 faciem
1742 1740 1968 1802 liberali
2013 1760 2191 1802 manu
2237 1740 2421 1802 duxit.

266 1846 425 1889 unus
469 1829 623 1888 sorte
668 1845 736 1887 ex
768 1825 1140 1902 vectoribus,
1188 1827 1289 1905 qui
1320 1827 1643 1889 acclinatus
1673 1827 1839 1888 lateri
1874 1826 2035 1888 navis
2064 1826 2422 1888 exonerabat

263 1912 635 1975 stomachum
680 1931 897 1973 nausea
940 1930 1173 1989 gravem
1195 1958 1210 1986 ,
1256 1912 1482 1974 notavit
1516 1912 1628 1974 sibi
1659 1913 1728 1972 ad
1761 1913 1963 1973 lunam
1993 1922 2296 1974 tonsorem
2327 1913 2420 1973 in-

265 1998 620 2078 tempestivo
666 1997 1073 2058 inhaerentem
1123 1997 1483 2072 ministerio,
1531 2006 1957 2076 execratusque
2003 2016 2179 2059 omen
2201 2045 2216 2070 ,
2261 1999 2419 2077 quod
2483 1921 2516 2155 ι

168 2093 223 2144 20
262 2084 595 2144 imitaretur
640 2084 1064 2161 naufragorum
1107 2083 1380 2159 ultimum
1424 2093 1658 2155 votum,
1705 2084 1767 2143 in
1801 2082 1994 2144 cubile
2025 2083 2282 2144 reiectus
2313 2091 2419 2144 est.

265 2188 376 2230 nos
419 2168 780 2230 dissimulata
825 2168 1165 2229 nauseantis
1208 2168 1520 2229 devotione
1564 2168 1635 2229 ad
1681 2168 1952 2229 ordinem
1991 2167 2258 2228 tristitiae
2288 2169 2423 2229 red-

264 2255 446 2330 imus,
494 2253 848 2332 silentioque
893 2253 1206 2334 compositi
1251 2253 1509 2333 reliquas
1554 2253 1746 2315 noctis
1775 2253 1949 2314 boras
1981 2252 2129 2313 male
2159 2253 2420 2333 soporati

263 2340 744 2419 consumpsimus

1334 2442 1369 2482 is

436 2509 766 2571 ‘videbatur
793 2510 938 2570 mihi
966 2509 1296 2571 secundum
1328 2508 1593 2587 quietem
1617 2507 1864 2587 Priapus
1893 2506 2122 2568 dicere:
2163 2506 2422 2568 “Encol-
2471 2507 2594 2569 104

164 2606 218 2657 25
261 2596 404 2676 pion
448 2595 607 2675 quod
647 2596 910 2674 quaeris,
957 2594 1106 2656 scito
1138 2613 1169 2654 a
1198 2611 1292 2655 me
1324 2594 1384 2654 in
1420 2611 1628 2653 navem
1659 2601 1819 2654 tuam
1850 2611 1977 2654 esse
2007 2591 2417 2672 perductum.”

264 2681 572 2743 exhorruit
595 2680 945 2761 Tryphaena
975 2688 1036 2741 et
1059 2679 1271 2759 ‘putes’
1292 2678 1488 2757 inquit
1510 2682 1648 2739 ‘una
1682 2697 1791 2740 nos
1822 2677 2158 2751 dormiisse;
2191 2695 2325 2738 nam
2360 2688 2418 2738 et

265 2767 408 2827 mibi
437 2766 818 2828 simulacrum
841 2766 1122 2845 Neptuni,
1154 2765 1313 2844 quod
1338 2764 1492 2825 Baiis
1520 2768 1585 2825 in
1613 2764 1916 2844 tetrastylo
1942 2773 2299 2837 notaveram,
2332 2763 2416 2823 vi-

262 2852 514 2913 debatur
555 2851 786 2912 dicere:
833 2850 936 2912 “in
986 2867 1130 2911 nave
1160 2850 1376 2911 Lichae
1406 2850 1622 2910 Gitona
1665 2848 1988 2911 invenies.”
2047 2849 2206 2911 ‘binc
2249 2848 2417 2911 scies’

262 2938 460 3016 inquit
505 2936 830 3016 Eumolpus
859 2935 1206 3016 ‘Epicurum
1250 2954 1379 2997 esse
1422 2933 1725 2995 bominem
1769 2934 2062 3009 divinum,
2108 2935 2209 3014 qui
2256 2935 2415 2997 eius·

163 3032 221 3083 80
266 3023 428 3084 modi
457 3021 710 3084 ludibria
740 3021 1098 3083 facetissima
1130 3021 1361 3082 ratione
1393 3019 1788 3081 condemnat!

437 3201 699 3252 ceterum
732 3191 941 3253 Lichas
972 3200 1038 3252 ut
1064 3190 1449 3271 Tryphaenae
1478 3189 1777 3251 somnium
1808 3189 2089 3269 expiavit,
2121 3188 2294 3268 ‘quis’
2323 3189 2417 3249 in-

262 3277 393 3357 quit
438 3275 750 3356 ‘prohibet
794 3276 1089 3356 navigium
1133 3276 1416 3349 scrutari,
1465 3293 1541 3335 ne
1583 3274 1888 3336 videamur
1930 3273 2158 3334 divinae
2201 3273 2418 3334 mentis

261 3381 446 3442 opera
475 3362 758 3423 damnare
772 3359 821 3421 ?’

166 3489 167 3494 κ
433 3447 485 3508 is
527 3447 632 3526 qui
676 3457 852 3508 nocte
899 3446 1245 3507 miserorum
1279 3446 1505 3506 furtum
1536 3443 2037 3525 deprehenderat,
2084 3441 2274 3503 Hesus
2306 3461 2419 3503 no-

160 3541 216 3592 86
260 3534 458 3606 mine,
503 3531 699 3594 subito
731 3531 1088 3611 proclamat:
1135 3535 1295 3609 ‘ergo
1327 3529 1410 3591 illi
1440 3529 1543 3608 qui
1572 3537 1741 3604 sunt,
1773 3528 1876 3606 qui
1909 3535 2082 3588 nocte
2112 3527 2183 3587 ad
2214 3527 2417 3589 lunam

262 3617 628 3679 radebantur
648 3617 902 3697 pessimo
927 3615 1155 3677 medius
1177 3616 1349 3676 fidius
1372 3615 1641 3694 exemplo
1659 3611 1690 3674 ‘t
1712 3613 1884 3674 audio
1908 3612 2067 3673 enim
2093 3632 2212 3674 non
2239 3613 2416 3675 licere

261 3704 541 3782 cuiquam
567 3702 901 3764 mortalium
924 3702 984 3763 in
1005 3719 1149 3762 nave
1166 3719 1362 3779 neque
1376 3718 1610 3777 ungues
1627 3717 1820 3777 neque
1838 3698 2083 3778 capillos
2097 3698 2417 3779 deponere,

433 3857 466 3908 3
503 3854 911 3920 peregrinatione
951 3852 971 3920 ΙΙ
1016 3855 1049 3904 4
1085 3851 1280 3903 timenti
1323 3851 1342 3918 ΙΙ
1387 3853 1452 3903 15
1498 3849 1678 3901 inlevit
1728 3849 2056 3901 Cornelissen
2099 3848 2119 3917 fl
2158 3852 2218 3902 21
2262 3865 2362 3901 non
2401 3848 2422 3914 ῑΙ

262 3924 327 3975 22
364 3922 656 3989 composito
684 3920 705 3989 ΙΙ
729 3924 795 3974 24
826 3924 1191 3988 praepositum
1224 3919 1404 3970 Lichas
1430 3918 1450 3985 ΙΙ
1477 3920 1538 3970 27
1567 3916 1768 3969 Baistor
1804 3918 1951 3987 asylo
1977 3918 1997 3985 ΙΙ
2022 3919 2083 3970 31
2124 3916 2247 3985 quid
2280 3917 2419 3968 Bur-

260 4007 492 4043 mannus
517 3989 538 4058 Ι
565 3992 630 4043 33
660 3994 797 4056 puto
834 4005 1039 4055 operam
1084 3987 1104 4057 ΙΙ
1148 3991 1215 4041 34
1250 3987 1420 4040 laesus
1457 3987 1625 4039 omine
1668 3985 1990 4039 Tornaesius
2024 3986 2134 4053 1135
2171 4000 2297 4051 rogo
2334 3987 2420 4037 Ia·

261 4062 470 4111 cobst’us
500 4060 509 4127 Ι
541 4057 616 4109 ἰΙΙί
651 4061 773 4109 sunt
807 4057 1136 4124 Segebadius
