2881 4580
488 310 614 370 196
1408 307 1739 362 VARRONJS

1404 479 1736 532 MYSTERIA

1498 601 1523 660 I
1554 602 1638 678 (1)

358 699 446 751 326
1770 686 1960 764 prisca
1992 685 2233 746 horrida

896 773 1074 835 silent
1103 771 1298 833 oracla
1330 775 1572 849 crepera
1605 772 1663 831 in
1701 770 2043 832 nemoribus

1489 889 1542 949 ΙΙ
1573 893 1658 965 (3)

359 989 445 1040 327
894 976 1199 1055 vulpinare
1229 976 1404 1036 modo
1439 985 1497 1036 et
1528 994 1815 1037 concursa
1847 974 2147 1053 qualubet,
2181 992 2343 1035 erras

1472 1093 1549 1153 111
1584 1094 1670 1170 (2)

363 1209 449 1261 328
706 1196 842 1256 licet
870 1195 1067 1256 videre
1100 1195 1316 1256 multos
1348 1194 1561 1255 cotidie
1593 1196 1785 1256 hieme
1816 1195 1876 1256 in
1915 1195 2039 1255 sole
2069 1195 2318 1274 apricari

1454 1314 1563 1374 1111
1594 1315 1681 1392 (4)

342 1431 446 1482 ,329
699 1437 797 1479 aes
828 1417 1204 1479 defraudasse
1235 1436 1551 1496 coponem,
1585 1416 1792 1477 bovam
1823 1417 1947 1477 luto
1981 1416 2285 1489 oblevisse‚
2332 1432 2467 1475 cum
2502 1432 2653 1494 por-

490 1504 664 1565 titore
695 1522 917 1565 serram
949 1502 1102 1564 duxe

1484 1587 1528 1643 V
1562 1588 1649 1664 (6)

366 1705 454 1756 330
707 1689 818 1750 init
847 1690 1037 1768 virgo,
1083 1689 1190 1749 dos
1234 1707 1264 1749 a
1310 1689 1530 1750 femina
1573 1699 1638 1749 ut
1667 1689 1984 1749 auferatur.
2080 1704 2230 1765 quae
2263 1686 2407 1746 mihi
2440 1696 2654 1766 postea

495 1793 671 1854 quam
703 1775 774 1834 ad
807 1775 1196 1836 Concordiam
1230 1773 1382 1834 dicta
1414 1786 1501 1835 est

1470 1892 1543 1952 VI
1576 1893 1661 1969 (5)

364 2011 449 2062 331
704 1995 805 2056 sed
837 1994 944 2055 tibi
974 1994 1222 2054 fortasse
1251 1994 1400 2055 alius
1429 1994 1598 2055 molit
1628 2006 1687 2055 et
1716 1992 1908 2071 depsit

1466 2112 1564 2172 Vll
1595 2113 1683 2190 (7)

359 2234 450 2284 332
705 2216 1006 2275 nascimur
1038 2216 1196 2276 enim
1227 2214 1472 2295 spissius
1497 2233 1671 2293 quam
1704 2215 2045 2274 emorimur.
2108 2212 2199 2273 vix
2222 2213 2339 2274 duo
2370 2212 2656 2276 homines

490 2301 693 2361 decem
726 2301 1028 2361 mensibus
1074 2302 1367 2361 edolatum
1419 2319 1603 2360 unum
1638 2300 1893 2361 reddunt
1924 2318 2208 2379 puerum,
2263 2307 2472 2360 contra
2529 2320 2654 2362 una

491 2386 820 2466 pestilentia
843 2386 943 2447 aut
966 2387 1189 2447 hostica
1214 2386 1368 2447 acies
1395 2396 1618 2464 puncto
1644 2386 1925 2465 temporis
1949 2386 2219 2446 immanis
2244 2402 2485 2446 acervos
2510 2387 2656 2446 facit

957 2587 1181 2640 NEScls
1219 2587 1370 2648 QVID
1412 2586 1665 2638 VESPER
1700 2586 1907 2639 SERVS
1948 2586 2165 2638 VEHAT

1493 2708 1517 2768 1
1549 2708 1640 2789 (1)

368 2821 455 2872 333
707 2810 1087 2890 lepidissimus
1130 2810 1269 2870 liber
1312 2822 1392 2872 est
1440 2811 1521 2872 M.
1565 2810 1839 2871 Varronis
1867 2828 1943 2871 em
1970 2813 2167 2871 satiris
2197 2809 2517 2890 Menippeis
2544 2817 2656 2891 qui

492 2895 826 2956 inscribitur
860 2895 1054 2956 nescis
1084 2895 1223 2973 quid
1270 2914 1480 2975 vesper
1505 2914 1675 2957 serus
1705 2895 1893 2964 vehat,
1924 2900 1986 2955 in
2016 2913 2127 2974 quo
2158 2896 2383 2956 disserit
2412 2896 2479 2956 de
2510 2908 2651 2976 apto

493 2985 866 3042 convivarum
911 2999 1153 3042 numero
1200 2980 1369 3061 deque
1413 2984 1595 3061 ipsius
1639 2983 1894 3041 convivii
1933 2980 2133 3041 habitu
2162 2980 2443 3061 cultuque.
2510 2982 2653 3043 dicit

492 3075 685 3127 autem
714 3069 1094 3127 convivarum
1140 3084 1446 3127 numerum
1494 3071 1743 3146 incipere
1786 3077 2044 3146 oportere
2087 3086 2125 3126 a
2158 3063 2497 3127 Gratiarum
2527 3085 2651 3128 nu-

491 3168 646 3212 mero
677 3162 729 3211 et
744 3152 1020 3231 progredi
1040 3152 1116 3212 ad
1129 3149 1452 3221 Musarum,
1484 3153 1545 3212 id
1573 3161 1652 3211 est
1671 3151 1961 3231 proficisci
1980 3170 2017 3212 a
2046 3150 2232 3211 tribus
2267 3161 2319 3212 et
2341 3155 2651 3213 consistere

493 3240 557 3296 in
597 3253 817 3307 novem,
861 3245 928 3297 ut
971 3255 1102 3296 cum
1140 3239 1479 3314 paucissimi
1518 3241 1789 3297 convivae
1827 3248 1979 3306 sunt,
2023 3254 2144 3296 non
2179 3240 2485 3316 pauciores
2527 3240 2652 3298 sint

364 3334 451 3384 334
493 3340 663 3402 quam
691 3331 824 3393 tres,
857 3341 985 3382 mim
1009 3320 1282 3400 plurimi,
1332 3340 1453 3382 non
1499 3322 1715 3401 plures
1747 3340 1917 3401 quam
1959 3340 2179 3382 tenvem.
2244 3340 2378 3381 nam
2425 3322 2651 3384 multos

491 3410 679 3488 inquit
708 3425 838 3467 esse
871 3425 994 3466 non
1026 3406 1333 3479 convenit,
1381 3406 1539 3484 quod
1571 3405 1744 3467 turba
1777 3406 2128 3486 plerumque
2159 3416 2247 3468 est
2276 3407 2647 3485 turbulenta,

491 3501 549 3552 et
577 3490 797 3552 Romae
845 3491 1080 3570 quidem
1133 3500 1276 3563 stat,
1323 3492 1487 3552 sedet
1532 3492 1813 3566 AtheniS‚
1862 3510 2154 3571 nusquam
2206 3502 2403 3563 autem
2448 3492 2649 3554 cubat.

359 3588 446 3639 335
487 3578 679 3654 ipsum
711 3577 925 3637 deinde
957 3578 1292 3637 convivium
1325 3585 1559 3637 consta-t
1588 3580 1773 3656 inquit
1804 3596 1874 3637 ex
1906 3576 2085 3639 rebus
2118 3587 2397 3656 quattuor
2425 3588 2487 3639 et
2517 3589 2649 3640 tum

662 3746 762 3796 326
799 3742 866 3795 Ν.
901 3761 954 3808 ρ.
984 3746 1045 3795 13
1083 3758 1289 3810 crepera
1323 3748 1330 3804 Ι
1360 3745 1549 3808 supple
1585 3744 1691 3793 tale
1725 3758 1870 3794 sacra
1906 3758 2111 3808 crepera
2147 3745 2234 3794 vel
2265 3743 2473 3811 crepula
2500 3745 2519 3812 ΙΙ
2546 3748 2646 3798 32Ἰ

490 3807 557 3862 Ν.
592 3825 644 3876 p.
674 3813 746 3863 ‘46
782 3811 1034 3877 vulpinari
1067 3813 1075 3877 Ι
1106 3826 1279 3862 errans
1313 3811 1609 3862 Mer-carius
1633 3811 1652 3878 ΙΙ
1678 3813 1777 3864 328
1812 3809 1880 3862 Ν.
1955 3852 1967 3864 .
2007 3813 2071 3863 76
2119 3812 2332 3879 apricari
2374 3810 2393 3878 ΙΙ
2438 3815 2540 3866 329
2578 3813 2648 3864 Ν.

486 3893 542 3942 p.
578 3880 643 3930 25
679 3878 951 3945 portitores
999 3880 1007 3946 Ι
1056 3895 1339 3946 cauponem
1383 3879 1568 3945 plures
1616 3880 1746 3930 libri
1791 3881 1799 3945 Ι
1847 3880 1915 3930 ob
1953 3895 2035 3931 am
2074 3879 2326 3932 Ouiae-ius
2367 3880 2386 3947 ΙΙ
2437 3883 2538 3934 330
2576 3881 2646 3933 Ν.

487 3961 540 4012 p.
578 3947 676 3999 280
714 3945 882 3996 dicere
913 3949 921 4009 Ι
954 3947 1011 3997 'in
1047 3946 1098 3998 id
1135 3947 1276 3999 libri.
1345 3964 1455 3998 non
1493 3963 1627 4012 opus
1659 3950 1866 3998 mutari
1897 3951 1957 3998 in
1994 3949 2140 4000 nubit
2185 3950 2205 4012 11
2246 3951 2342 4002 331
2382 3948 2449 4000 Ν.
2481 3965 2539 4015 p.
2578 3953 2648 4004 99

492 4012 704 4079 depsere
729 4013 748 4078 ΙΙ
774 4015 874 4065 332
909 4013 990 4064 N.
1011 4029 1063 4079 p.
1090 4017 1189 4066 392
1224 4016 1448 4081 spissum

663 4081 763 4132 333
798 4096 864 4133 ss.
903 4080 1099 4132 Gellius
1134 4082 1337 4135 {ull-11
