2881 4580
1222 331 1503 385 SATlRAE
2357 334 2436 393 55

162 514 258 563 ιο
579 522 720 581 mox
753 504 855 565 ubi
885 503 1161 566 ridendas
1189 504 1430 566 inclusit
1459 505 1673 584 pagina
1705 514 1918 584 partes,

686 607 822 650 vera
854 588 1009 651 redit
1039 590 1239 663 facieS,
1272 589 1411 650 dum
1444 590 1712 651 simulata
1744 591 1916 670 perit.

444 777 561 819 nec
607 758 705 819 diu
739 767 933 820 tamen
980 759 1238 822 lacrimis
1281 759 1532 835 indulsi,
1579 760 1681 822 sed
1728 760 1980 834 veritus,
2028 779 2105 822 ne
2134 760 2438 823 Menelaus
2459 764 2534 827 81

268 845 445 906 etiam
492 844 964 907 antescholarius
1009 846 1167 907 inter
1197 853 1394 906 cetera
1440 846 1590 906 mala
1637 846 1828 907 solum
1862 863 1956 906 me
2001 845 2061 906 in
2096 845 2436 907 deversorio

192 945 223 993 5
269 929 606 1003 inveniret,
668 930 875 1009 collegi
926 931 1254 992 sarcinulas
1297 931 1614 1009 locumque
1660 940 1953 993 secretum
2000 940 2059 991 et
2103 931 2438 1011 proximum

268 1015 427 1077 litori
463 1022 723 1076 maestus
768 1016 1045 1077 conduxi.
1106 1015 1188 1077 ibi
1218 1014 1416 1077 triduo
1450 1016 1716 1078 inclusus
1744 1015 2033 1077 redeunte
2056 1016 2124 1076 in
2172 1016 2437 1077 animum

269 1100 595 1163 solitudine
625 1108 803 1178 atque
846 1109 1197 1180 contemptu
1229 1101 1612 1162 verberabam
1643 1120 1886 1180 aegrum
1916 1101 2253 1181 planctibus
2296 1120 2438 1180 pec-

199 1194 363 1247 Ltus
400 1183 411 1264 Ι
455 1193 515 1246 et
546 1186 705 1246 inter
734 1193 822 1247 tot
851 1186 1162 1248 altissimos
1206 1186 1462 1266 gemitus
1506 1188 1857 1265 frequenter
1901 1187 2074 1247 etiam
2108 1187 2437 1267 proclama-

271 1273 443 1332 bam:
523 1276 686 1348 ‘ergo
738 1289 835 1332 me
880 1290 1002 1332 non
1050 1272 1223 1332 ruina
1268 1281 1425 1332 terra
1473 1272 1665 1350 potuit
1707 1269 1992 1332 haurire?
2052 1292 2174 1333 non
2223 1272 2438 1333 iratum

164 1368 224 1418 10
270 1357 446 1418 etiam
504 1356 933 1418 innocentibus
977 1354 1186 1418 mare?
1246 1356 1426 1434 effugi
1472 1356 1787 1431 iudicium,
1846 1356 2101 1417 harenae
2162 1357 2437 1436 imposui,

273 1441 573 1520 hospitem
606 1441 824 1512 occidi,
872 1449 937 1502 ut
966 1442 1123 1503 inter
1153 1452 1234 1504 tot
1279 1442 1555 1503 audaciae
1603 1441 1848 1502 nomina
1891 1441 2236 1515 mendicus,
2284 1443 2437 1515 exul,

272 1528 332 1588 in
380 1526 719 1589 deversorio
766 1527 1020 1588 Graecae
1078 1527 1246 1590 urbis
1304 1528 1561 1588 iacerem
1622 1524 1934 1588 desertus?
1995 1534 2054 1587 et
2108 1526 2241 1605 quis
2283 1527 2438 1588 hanc

273 1612 417 1673 mihi
465 1611 842 1673 solitudinem
889 1610 1215 1692 imposuit?
1276 1613 1625 1674 adulescens
1669 1613 1832 1673 omni
1877 1611 2121 1673 libidine
2167 1611 2436 1692 impurus

272 1707 332 1758 et
362 1716 469 1759 sua
500 1715 740 1775 quoque
771 1698 1150 1759 confessione
1173 1697 1390 1776 dignus
1420 1698 1616 1772 exilio,
1648 1707 1856 1778 stupro
1886 1697 2067 1773 liber,
2099 1705 2311 1777 stupro
2343 1697 2436 1758 in-

169 1792 225 1842 15
269 1801 538 1859 genuuS,
570 1782 739 1843 cuius
769 1783 910 1844 anni
942 1784 1014 1843 ad
1044 1791 1327 1845 tesseram
1357 1784 1704 1857 venierunt,
1749 1801 1924 1861 quem
1956 1792 2238 1862 tanquam
2267 1782 2437 1863 puel-

275 1868 390 1928 lam
422 1867 710 1929 conduxit
738 1868 911 1929 etiam
943 1869 1045 1947 qui
1074 1868 1266 1929 virum
1297 1869 1538 1949 putavit.
1598 1869 1739 1947 quid
1772 1869 1867 1930 ille
1898 1866 2089 1930 alter?
2134 1869 2237 1948 qui
2285 1863 2437 1954 [tan-

271 1947 477 2035 quam]
507 1953 601 2014 die
632 1962 805 2032 togae
833 1954 1014 2015 virilis
1041 1955 1252 2016 stolam
1280 1954 1566 2034 sumpsit,
1598 1954 1698 2033 qui
1731 1973 1807 2015 ne
1837 1954 1925 2015 vir
1955 1964 2127 2029 esset,
2172 1972 2205 2014 a
2251 1962 2438 2015 matre

274 2056 596 2117 persuasus
626 2048 743 2112 est,
790 2040 891 2118 qui
938 2057 1090 2118 opus
1133 2039 1424 2101 muliebre
1456 2040 1515 2100 in
1566 2040 1862 2120 ergastulo
1908 2040 2076 2111 fecit,
2124 2040 2228 2117 qui
2274 2048 2439 2119 post-

272 2141 452 2201 quam
484 2123 858 2185 conturbavit
901 2133 960 2184 et
988 2123 1249 2185 libidinis
1279 2143 1418 2187 suae
1463 2126 1652 2186 solum
1697 2125 1900 2200 vertit,
1945 2124 2185 2202 reliquit
2227 2125 2440 2186 veteris

172 2218 231 2269 20
273 2209 567 2270 amicitiae
599 2228 818 2270 nomen
851 2218 926 2282 et,
959 2228 1070 2290 pro
1102 2211 1328 2290 pudor,
1360 2218 1643 2288 tanquam
1675 2209 1892 2271 mulier
1914 2208 2234 2270 secutuleia
2261 2209 2438 2271 unius

273 2295 470 2356 noctis
532 2303 691 2378 tactu
751 2296 947 2357 omnia
1015 2296 1296 2357 vendidit.
1384 2297 1581 2357 iacent
1637 2314 1801 2356 nunc
1860 2303 2150 2355 amatores
2195 2294 2436 2373 obligati

273 2380 552 2442 noctibus
577 2381 735 2455 totis,
768 2390 828 2441 et
855 2382 1101 2444 forsitan
1135 2381 1355 2442 mutuis
1383 2380 1728 2441 libidinibus
1769 2379 1951 2440 attriti
1982 2378 2255 2440 derident
2296 2379 2437 2441 soli-

270 2466 543 2527 tudinem
572 2484 782 2527 meam.
842 2468 942 2527 sed
976 2486 1099 2527 non
1133 2468 1396 2546 impune.
1460 2484 1595 2526 nam
1630 2473 1730 2526 aut
1749 2465 1838 2525 vir
1869 2482 1979 2543 ego
2008 2464 2280 2543 liberque
2313 2484 2432 2525 non

271 2570 425 2626 sum,
459 2560 560 2612 aut
590 2551 770 2612 noxio
801 2552 1091 2630 sanguine
1122 2551 1451 2632 parentabo
1483 2550 1734 2612 iniuriae
1763 2549 1967 2610 meae’.

168 2647 226 2698 25
441 2638 588 2698 haec
616 2637 850 2698 locutus
893 2638 1085 2716 gladio
1131 2639 1285 2699 latus
1327 2637 1540 2716 cingo,
1587 2645 1647 2698 et
1692 2655 1767 2697 ne
1812 2635 2126 2696 infirmitas
2169 2634 2433 2695 militiam
2456 2630 2540 2695 82

252 2722 569 2802 perderet,
600 2721 953 2801 largioribus
982 2722 1131 2784 cibis
1161 2722 1353 2784 excito
1382 2723 1558 2783 vires.
1618 2740 1751 2782 mox
1800 2722 1861 2781 in
1908 2720 2211 2801 publicum
2244 2719 2437 2800 prosi-

272 2807 353 2868 lio
382 2807 759 2886 furentisque
803 2826 971 2868 more
1002 2825 1213 2869 omnes
1255 2808 1557 2869 circumeo
1605 2807 1887 2888 porticus.
1949 2807 2052 2867 sed
2099 2805 2238 2866 dum
2285 2813 2437 2865 atto-

271 2893 401 2953 nito
444 2893 609 2953 vultu
656 2893 1018 2972 efferatoque
1065 2893 1211 2954 nihil
1256 2893 1410 2954 aliud
1458 2911 1637 2972 quam
1696 2892 1932 2953 caedem
1980 2901 2039 2952 et
2082 2891 2436 2971 sanguinem

271 2977 472 3057 cogito
520 2978 1010 3057 frequentiusque
1052 2997 1294 3040 manum
1352 2977 1424 3038 ad
1481 2977 1791 3057 capulum,
1850 2995 2026 3055 quem
2071 2978 2436 3050 devoveram,

170 3071 229 3122 30
271 3065 500 3136 refer0‚
546 3064 769 3124 notavit
812 3081 906 3124 me
951 3063 1150 3137 miles,
1196 3064 1317 3125 sive
1360 3063 1459 3124 ille
1514 3063 1730 3143 planus
1786 3063 1896 3123 fuit
1938 3062 2059 3123 sive
2103 3070 2438 3123 nocturnus

275 3157 609 3227 grassator,
657 3157 716 3209 et
759 3149 917 3226 ‘quid
949 3148 1034 3209 tu’
1065 3149 1260 3227 inquit
1291 3148 1666 3222 ‘commilito,
1715 3167 1787 3209 ex
1832 3166 1948 3226 qua
1979 3147 2213 3225 legione
2244 3166 2307 3208 es
2338 3154 2438 3206 aut

274 3233 446 3295 cuius
489 3233 758 3293 centuria
775 3231 824 3292 ΣΡ
882 3252 1019 3295 cum
1063 3234 1542 3296 constantissime
1588 3243 1645 3294 et
1689 3233 2102 3294 centurionem
2151 3240 2210 3292 et
2251 3231 2437 3308 legio-

275 3337 416 3380 nem
446 3335 637 3380 essem
670 3319 1022 3392 ementitus,
1069 3324 1195 3397 ‘age
1226 3319 1388 3397 ergo'
1421 3318 1618 3397 inquit
1662 3318 1758 3380 ille
1804 3318 1884 3379 ‘in
1933 3317 2195 3378 exercitu
2239 3324 2437 3376 vestro

276 3404 632 3484 phaecasiati
662 3404 877 3465 milites
906 3402 1268 3465 ambulant?’
1327 3422 1465 3466 cum
1509 3403 1725 3464 deinde
1753 3402 1917 3464 vultu
1951 3409 2126 3478 atque
2159 3400 2285 3479 ipsa
2315 3409 2438 3461 tre-

180 3495 235 3546 35
278 3490 581 3570 pidatione
637 3490 1015 3552 mendacium
1074 3489 1496 3570 prodidissem,
1555 3506 1784 3569 ponere
1826 3505 1917 3549 me
1960 3486 2132 3547 iussit
2174 3503 2333 3546 arma
2379 3496 2438 3547 et

277 3576 430 3636 malo
461 3592 689 3636 cavere.
750 3575 1110 3655 despoliatus
1140 3593 1314 3653 ergo,
1363 3575 1544 3635 immo
1575 3573 1838 3653 praecisa
1883 3571 2113 3632 ultione
2156 3578 2317 3632 retro
2363 3572 2435 3632 ad

276 3660 676 3722 deversorium
721 3659 903 3720 tendo
950 3660 1348 3740 paulatimque
1392 3658 1723 3721 temeritate
1767 3659 1952 3719 laxata
1995 3657 2166 3736 coepi
2210 3675 2439 3736 grassa-

275 3747 420 3808 toris
464 3745 742 3806 audaciae
773 3745 991 3823 gratias
1021 3763 1196 3823 agere

448 3901 475 3951 1
515 3896 752 3947 machina
789 3899 993 3947 conieci
1032 3896 1052 3964 ΙΙ
1095 3898 1127 3949 2
1163 3892 1484 3946 dissimulata
1523 3892 1543 3961 ΙΙ
1591 3895 1656 3946 14
1688 3892 1847 3944 exitio
1881 3894 2174 3944 Pithoeana
2199 3890 2219 3958 ΙΙ
2248 3894 2310 3943 15
2346 3905 2438 3943 ve·

276 3971 459 4019 nerunt
484 3965 506 4033 ΙΙ
536 3968 600 4018 16
627 3964 757 4015 alter
781 3962 864 4016 die
889 3964 977 4031 qui
1014 3968 1257 4030 tanquam
1284 3965 1436 4027 togae
1463 3961 1483 4028 ΙΙ
1510 3963 1571 4014 21
1596 3964 1779 4025 potius
1812 3960 2040 4027 colligati
2064 3959 2084 4028 ΙΙ
2112 3962 2176 4013 25
2212 3960 2390 4025 cingor
2420 3959 2437 4018 Ιξ

274 4037 337 4090 28
374 4036 726 4101 ezr-pectamur
760 4029 1076 4098 efferatoque
1112 4030 1297 4083 incedo
1333 4045 1399 4081 ac
1443 4030 1635 4081 deinde
1669 4029 1901 4096 cogitans
1943 4028 1963 4096 ss
2012 4029 2077 4081 36
2111 4028 2287 4089 immo]
2323 4025 2442 4087 for·

271 4109 410 4157 tasse
447 4103 605 4155 armis
631 4100 651 4167 11
679 4103 741 4153 37
777 4100 969 4152 lassata
