2881 4580
1233 304 1517 359 PRIAPEA
2334 306 2457 365 153

528 496 674 557 quae
703 479 983 540 libamine
1014 478 1314 540 mentulae
1344 496 1582 541 comeso

528 573 645 626 tota
677 573 854 626 nocte
885 564 1029 625 mihi
1059 564 1187 626 litat
1216 564 1487 643 rigendo.

525 656 583 710 at
607 668 713 711 vos
744 649 995 731 amplius
1024 649 1140 710 hoc
1169 649 1303 711 loco
1334 658 1534 712 cavete

524 736 839 814 quicquam
872 752 1120 815 ponere,
1154 753 1230 795 ne
1261 735 1667 796 famelicorum
2319 741 2375 794 10

525 821 594 882 ad
624 837 719 881 me
750 818 923 881 turba
954 820 1091 881 velit
1122 838 1336 881 canum
1367 821 1589 894 venire,

527 923 602 966 ne
631 906 774 967 dum
806 923 900 967 me
931 905 1122 967 colitis
1151 923 1468 985 meumque
1502 922 1744 978 numen,

526 990 801 1053 custodes
831 990 1093 1052 habeatis
1122 990 1454 1052 irrumatos.

1285 1142 1466 1204 LXXI

528 1261 590 1323 Si
622 1262 934 1324 commissa
964 1281 1129 1324 meae
1162 1280 1372 1342 carpes
1403 1260 1667 1343 pomaria
1698 1279 1896 1334 curae,

604 1348 797 1410 dulcia
829 1348 970 1428 quid
1002 1348 1231 1409 doleam
1262 1348 1535 1428 perdere,
1566 1346 1775 1409 doctus
1808 1346 1945 1407 eris.

1272 1498 1481 1560 LXXII

527 1599 794 1662 Tutelam
824 1600 1095 1682 pomarii,
1127 1601 1379 1681 diligens
1412 1601 1642 1680 Priape,
1672 1599 1878 1662 facito:

413 1776 428 1782 ὅ
528 1684 825 1748 rubricato
855 1684 1090 1748 furibus
1118 1687 1347 1749 minare
1377 1686 1654 1748 mutinio.

531 1855 699 1927 Quod
729 1873 995 1930 monear‚
1029 1875 1150 1918 non
1183 1865 1290 1933 est,
1323 1857 1464 1936 quia
1493 1856 1542 1918 si
1571 1856 1866 1918 furaberis
1898 1855 2025 1935 ipse

604 1941 845 2021 grandia
875 1942 1044 2016 mala,
1076 1941 1184 2003 tibi
1215 1940 1490 2003 bracchia
1520 1960 1718 2003 macra
1752 1940 1923 2003 daho.

1262 2093 1499 2155 LXXIII

531 2210 800 2293 obliquis
832 2212 974 2293 quid
1004 2231 1120 2289 me,
1151 2214 1440 2294 pathicae‚
1474 2212 1756 2294 spectatis
1787 2209 2032 2274 ocellis?

605 2317 727 2361 non
761 2308 877 2361 stat
904 2299 966 2360 in
999 2299 1347 2380 inguinibus
1376 2299 1638 2361 mentula
1672 2308 1831 2361 tenta
1863 2298 2029 2359 meiS.

530 2402 675 2464 quae
706 2392 903 2446 tamen
938 2385 1223 2447 exanimis
1254 2403 1418 2446 nunc
1450 2393 1539 2445 est
1568 2391 1628 2446 et
1658 2384 1866 2445 inutile
1895 2383 2145 2463 lignum,

602 2469 761 2531 utilis
790 2470 953 2546 haec,
984 2488 1145 2531 aram
1175 2470 1225 2532 si
1255 2469 1552 2546 dederim,
1585 2470 1715 2532 erit.

1252 2622 1517 2684 LXXIIII

529 2740 644 2802 Per
671 2740 898 2803 medios
926 2738 1045 2802 ihit'
1063 2760 1285 2821 pueros
1315 2742 1657 2821 mediasque
1687 2739 1914 2819 puellas

603 2826 884 2902 mentula,
914 2825 1175 2890 barbatis
1206 2847 1328 2889 non
1361 2828 1476 2890 nisi
1504 2844 1732 2890 summa
1761 2834 1940 2906 petet.

1279 2980 1484 3042 LXXV

528 3079 775 3142 Dodone
806 3077 934 3153 tihi,
960 3079 1248 3161 Iuppiter,
1278 3086 1505 3140 sacrata
1533 3087 1642 3154 est,

529 3164 745 3227 Iunoni
776 3163 984 3227 Samos
1015 3175 1076 3226 et
1104 3166 1350 3245 Mycena
1380 3164 1534 3236 ditis,

529 3250 723 3313 undae
747 3250 1048 3312 Taenaros
1068 3250 1464 3330 aequorisque
1489 3250 1645 3329 regi3

530 3336 717 3398 Pallas
747 3335 1061 3417 Cecropias
1089 3343 1291 3396 tuetur
1319 3353 1508 3408 arceS‚

527 3420 787 3501 Delphos
819 3420 1080 3501 Pythius,
1113 3420 1276 3482 orbis
1306 3418 1673 3496 umbilicum,
2346 3429 2377 3479 5

529 3505 739 3568 Creten
772 3506 934 3568 Delia
966 3506 1370 3585 Cynthiosque
1400 3505 1600 3580 colleS‚

526 3590 767 3654 Faunus
796 3591 1108 3652 Maenalon
1140 3591 1558 3670 Arcadumque
1587 3591 1791 3666 silvas;

520 3677 704 3738 tutela
734 3677 975 3738 Rhodos
1006 3685 1096 3738 est
1125 3675 1295 3739 beata
1324 3676 1498 3751 Solis,

435 3860 568 3914 Lxx
624 3864 655 3915 8
708 3861 921 3928 rigando
961 3862 1363 3927 Wakefieldius.
1433 3859 1669 3922 fortasse
1721 3865 1875 3913 nocte
1911 3860 2030 3912 litat
2082 3859 2393 3926 ligurriendo
2445 3862 2466 3926 fl

300 3928 451 3981 LXXI
487 3932 519 3982 2
554 3930 643 3999 qui
680 3931 931 3981 Heinsius
956 3930 975 3998 ΙΙ
1002 3929 1173 3982 LXXII
1201 3931 1518 3996 praeposita
1567 3932 1729 3980 verba
1766 3931 2006 3980 numeris
2040 3928 2217 3979 soluta
2248 3930 2256 3995 Ι
2288 3929 2319 3979 2
2355 3943 2462 3979 mu-

302 3998 409 4050 tino
483 3998 625 4050 lures
654 3997 663 4066 Ι
696 4002 726 4052 3
764 4003 971 4051 moneat
996 4004 1093 4051 aut
1115 4012 1349 4050 moneam
1374 3996 1394 4065 ΙΙ
1421 3996 1615 4049 Lxxlll
1645 4000 1670 4051 l
1709 3997 1948 4064 pathicae
1986 3997 2110 4065 quid
2146 4010 2227 4048 me
2264 3994 2466 4062 volgou

301 4065 432 4117 LXX
518 4069 549 4119 2
586 4065 840 4135 Mycenae
874 4066 1006 4119 dites
1854 4065 1858 4069 Α
