2881 4580
1183 286 1464 342 SATIRAE
2323 291 2403 348 45

175 469 227 518 Η
246 469 510 540 tergens,
543 459 751 538 quod
735 479 796 520 ιιι
829 460 981 523 collo
1013 459 1282 534 habebat,
1314 462 1570 541 applicat
1598 480 1663 524 se
1691 462 1775 523 illi
1805 472 1955 537 toro,
1986 462 2049 523 in
2082 480 2203 540 quo
2234 463 2408 525 Scin-

240 545 362 607 tilla
409 545 723 607 Habinnae
765 544 1175 608 discumbebat
1216 563 1398 621 uxor,
1454 547 1832 626 osculataque
1875 548 2253 628 plaudentem
2299 554 2406 609 ‘est

244 629 320 692 te’
352 630 552 710 inquit
580 626 862 691 ‘videre‘l’

416 734 490 777 oo
519 715 736 777 deinde
767 725 1118 794 perventum
1146 726 1263 791 est,
1309 726 1377 777 ut
1405 715 1727 778 Fortunata
1772 718 2025 780 armillas
2068 737 2206 781 suas
2247 736 2407 781 cras-

168 815 197 863 ὅ
241 800 488 867 sissimis
532 800 871 862 detraheret
910 800 1143 863 lacertis
1174 801 1590 881 Scintillaeque
1620 803 1869 875 {miranti
1901 804 2255 865 ostenderet.
2315 804 2405 864 ul-

246 887 393 947 timo
425 885 600 947 etiam
648 885 1026 966 periscelides
1069 886 1309 951 resolvit
1350 897 1410 947 et
1454 887 1767 950 reticulum
1796 907 2075 963 aureum,
2123 906 2300 968 quem
2332 907 2406 949 ex

232 971 501 1033 ‘obrussa
546 990 677 1033 esse
720 969 972 1032 dicebat.
1033 972 1254 1033 notavit
1296 972 1443 1034 haec
1472 971 1828 1036 Trimalchio
1872 974 2159 1053 iussitque
2204 973 2407 1035 afferri

249 1057 451 1118 omnia
497 1066 557 1117 et
600 1055 844 1118 ‘videtis’
888 1056 1083 1136 inquit
1127 1055 1408 1118 ‘mulieris
1450 1059 1806 1137 compedes:
1850 1059 1935 1121 sic
1980 1077 2092 1121 nos
2137 1057 2407 1121 barcalae

248 1141 665 1221 despoliamur.
725 1160 828 1202 sex
873 1140 1072 1220 pondo
1104 1150 1165 1203 et
1193 1141 1471 1203 selibram
1502 1142 1676 1205 debet
1717 1142 1954 1206 habere.
2031 1154 2090 1204 et
2138 1144 2265 1224 ipse
2312 1144 2406 1207 ni-

149 1240 205 1289 10
244 1227 369 1288 hilo
399 1227 599 1288 minus
626 1224 815 1287 habeo
861 1226 1065 1288 decem
1111 1226 1312 1306 pondo
1356 1227 1641 1288 armillam
1675 1247 1747 1289 ex
1776 1229 2406 1310 millesimis-Mercurii

245 1311 499 1373 factam’.
560 1311 766 1373 ultimo
812 1311 1020 1385 etiam,
1068 1330 1144 1372 ne
1174 1312 1411 1373 mentiri
1440 1311 1768 1388 videretur,
1816 1322 2091 1377 stateram
2122 1314 2292 1376 iussit
2322 1317 2406 1375 af·

246 1397 392 1457 ferri
421 1405 484 1458 et
504 1396 915 1458 circumlatum
940 1397 1256 1476 approbari
1279 1396 1536 1476 pondus,
1580 1416 1693 1458 nec
1714 1398 1924 1459 melior
1947 1398 2233 1471 Scintilla,
2260 1417 2408 1478 quae

248 1482 323 1542 de
368 1482 593 1543 cervice
638 1500 742 1542 sua
789 1482 1098 1562 capsellam
1142 1481 1396 1543 detraxit
1438 1482 1769 1555 aureolam,
1825 1501 2004 1563 quam
2044 1482 2407 1545 Felicionem

249 1567 601 1647 appellabat.
661 1566 800 1627 inde
855 1567 971 1628 duo
1030 1567 1272 1628 crotalia
1304 1567 1569 1663 ΠριοῑιιΙίῐ
1612 1577 1671 1628 et
1714 1567 2072 1630 Fortunatae
2118 1568 2410 1630 invicem

149 1665 204 1716 15
250 1651 681 1715 consideranda
713 1652 872 1713 dedit
903 1661 963 1714 et
992 1651 1255 1714 ‘domini’
1300 1652 1497 1732 inquit
1527 1653 1662 1714 ‘mei
1706 1651 1995 1715 beneficio
2029 1672 2204 1715 nemo
2234 1652 2412 1715 habet

247 1737 534 1802 meliora’.
586 1735 810 1834 ‘quid?’
839 1737 1033 1817 inquit
1061 1736 1367 1800 Habinnas
1396 1738 1842 1819 ‘excatarissasti
1872 1757 1986 1813 me,
2017 1747 2085 1800 ut
2112 1737 2220 1800 tibi
2250 1757 2409 1801 eme-

247 1841 378 1884 rem
407 1821 599 1885 sabam
630 1822 892 1883 vitream.
951 1823 1126 1902 plane
1154 1822 1206 1883 si
1234 1822 1412 1884 filiam
1442 1806 1757 1898 haberem,
1802 1824 2095 1886 auriculas
2123 1824 2206 1886 illi
2236 1841 2411 1904 prae-

249 1909 529 1970 ciderem.
589 1906 865 1968 mulieres
908 1907 958 1968 si
1003 1926 1126 1968 non
1174 1916 1400 1979 essent,
1459 1908 1655 1969 omnia
1700 1927 1810 1989 pro
1856 1909 1980 1970 luto
2025 1908 2408 1985 haberemus;

251 2012 419 2069 nunc
447 1992 563 2054 hoc
593 2003 682 2054 est
711 1992 943 2053 caldum
971 1992 1193 2053 meiere
1224 2002 1281 2053 et
1310 1954 1587 2072 fri⁹gidum
1618 1994 1863 2073 potare.'

144 2090 207 2145 2⁰
422 2078 658 2140 interim
689 2077 966 2139 mulieres
994 2077 1227 2139 sauciae
1257 2077 1414 2139 inter
1444 2097 1507 2139 se
1548 2078 1812 2142 riserunt
1855 2076 2171 2158 ebriaeque
2201 2080 2411 2140 iunxe-

251 2173 394 2226 runt
426 2163 645 2237 oscula,
690 2163 830 2224 dum
861 2162 1040 2224 altera
1068 2162 1433 2242 diligentiam
1477 2162 1680 2224 matris
1722 2163 1975 2225 familiae
2006 2163 2197 2235 iactat,
2230 2164 2409 2224 altera

251 2249 491 2312 delicias
535 2257 594 2309 et
635 2247 1058 2328 indiligentiam
1103 2247 1230 2309 viri.
1291 2248 1552 2327 dumque
1596 2248 1682 2310 sic
1711 2248 2064 2323 cohaerent,
2109 2246 2412 2310 Habinnas

250 2336 458 2396 furtim
489 2334 865 2398 consurrexit
894 2333 1193 2413 pedesque
1225 2332 1582 2394 Fortunatae
1627 2343 1936 2413 correptos
1982 2352 2165 2414 super
2193 2332 2409 2395 lectum

251 2421 511 2482 immisit.
574 2425 667 2480 ‘au
714 2419 805 2480 au’
848 2419 943 2480 illa
989 2418 1370 2516 proclamavit
1412 2417 1727 2479 aberrante
1755 2418 1958 2479 tunica
1986 2437 2169 2498 super
2195 2437 2409 2499 genua.

153 2516 209 2566 25
251 2506 583 2602 composita
629 2522 769 2584 ergo
818 2504 877 2564 in
924 2504 1151 2584 gremio
1198 2503 1499 2565 Scintillae
1544 2503 2013 2565 incensissimam
2057 2503 2280 2566 rubore
2323 2506 2411 2565 sa-

254 2591 409 2652 ciem
440 2590 676 2653 sudario
705 2587 1034 2651 abscondit.

425 2675 779 2755 interposito
823 2673 1036 2735 deinde
1079 2673 1268 2753 spatio
1300 2691 1435 2734 cum
1468 2673 1759 2737 secundas
1789 2692 2026 2735 mensas
2058 2672 2411 2744 Trimalchio
2434 2670 2516 2735 68

251 2761 524 2824 iussisset
565 2760 792 2832 afferri,
837 2759 1212 2834 sustulerunt
1250 2758 1403 2820 servi
1436 2777 1646 2820 omnes
1675 2776 1915 2820 mensas
1946 2770 2004 2820 et
2033 2759 2174 2820 alias
2202 2758 2415 2820 attule-

251 2855 427 2923 runt,
472 2844 832 2924 scobemque
877 2863 1055 2907 croco
1101 2852 1162 2905 et
1200 2843 1386 2905 minio
1431 2844 1677 2905 tinctam
1722 2853 2069 2923 sparserunt
2112 2853 2199 2919 et,
2256 2845 2415 2924 quod

151 2947 210 2998 so
254 2950 568 3011 nunquam
609 2939 749 2991 ante
797 2929 1078 3003 videram,
1141 2948 1212 2989 ex
1272 2929 1465 3009 lapide
1508 2929 1801 3008 speculari
1845 2929 2149 3009 pulverem
2192 2930 2415 2991 tritum.

251 3017 450 3079 statim
495 3014 850 3077 Trimalchio
895 3021 1179 3094 ‘poteram
1239 3013 1494 3094 quidem’
1553 3013 1749 3093 inquit
1805 3014 1940 3075 ‘hoc
1995 3015 2241 3077 fericulo
2289 3035 2416 3078 esse

254 3110 607 3177 contentus;
652 3100 942 3163 secundas
986 3100 1147 3161 enim
1190 3118 1427 3161 mensas
1458 3098 1706 3160 habetis.
1766 3100 1863 3161 sed
1890 3100 1939 3161 si
1970 3100 2109 3179 quid
2142 3100 2281 3162 belli
2312 3102 2417 3161 ha-

254 3189 383 3262 bes,
415 3185 601 3248 affer’.

428 3272 666 3332 interim
696 3288 854 3367 puer
876 3268 1339 3342 Alexandrinus,
1385 3268 1486 3346 qui
1527 3268 1749 3330 caldam
1794 3268 2193 3341 ministrabat,
2239 3268 2417 3330 lusci-

159 3370 215 3420 35
260 3357 388 3418 nias
418 3357 616 3436 coepit
643 3355 859 3417 imitari
889 3356 1180 3415 clamante
1211 3353 1649 3415 Trimalchione
1677 3354 1963 3415 subinde:
1998 3352 2215 3414 ‘Rmuta
2276 3371 2416 3414 ecce

255 3443 407 3504 alius
437 3443 631 3503 ludus·
691 3459 895 3503 servus
925 3440 1027 3518 qui
1056 3440 1128 3500 ad
1159 3439 1340 3519 pedes
1369 3436 1679 3500 Habinnae
1709 3437 1967 3510 sedebat,
2015 3437 2238 3511 iussuS‚
2285 3456 2418 3500 cre-

255 3528 351 3601 do,
385 3546 420 3589 a
450 3526 691 3588 domino
722 3545 829 3587 suo
860 3525 1240 3605 proclamavit
1269 3522 1466 3585 subito
1498 3542 1714 3585 canora
1743 3540 1917 3584 voce:

566 3612 810 3673 ‘interea
843 3609 1101 3672 medium
1130 3611 1358 3671 Aeneas
1388 3608 1503 3670 iam
1536 3609 1717 3671 classe
1747 3605 2025 3669 tenebat.’

258 3696 460 3758 nullus
490 3716 676 3760 sonus
719 3714 982 3775 unquam
1027 3695 1248 3757 acidior
1291 3693 1586 3774 percussit
1626 3712 1801 3755 aures
1842 3711 2032 3769 meas;
2077 3710 2215 3753 nam
2245 3711 2418 3772 prae-

156 3794 215 3845 40
255 3794 350 3844 ter
391 3782 650 3844 errantis
694 3781 998 3842 barbariae
1041 3791 1144 3843 aut
1186 3780 1481 3841 adiectum
1540 3787 1644 3839 aut
1686 3777 2057 3840 deminutum
2103 3778 2419 3839 clamorem

428 3919 465 3969 4
499 3915 844 3967 crassissimas
881 3914 1186 3978 Schefferus
1227 3913 1246 3980 ΙΙ
1294 3914 1356 3965 12
1393 3911 1696 3964 circulatam
1732 3911 1753 3979 ΙΙ
1795 3914 1859 3965 20
1896 3912 2068 3964 sociae
2106 3911 2421 3963 Studemun-

260 3984 821 4105 ἕὲιὲωιιῐὲἷῦῌξΐὲξῖἑιδοε
862 3982 884 4050 ΙΙ
918 3985 982 4036 25
1018 3982 1260 4035 indecens
1296 3981 1449 4032 imam
1476 3979 1495 4048 ΙΙ
1528 3983 1593 4034 29
1630 3982 1968 4048 scrobemque
2004 3980 2025 4048 ΙΙ
2060 3983 2124 4033 40
2160 3980 2420 4032 recitantis
