2881 4580
509 296 543 348 1
555 293 585 349 1
594 292 630 348 6
1421 285 1727 340 PETRONII

1452 457 1663 519 XXXII
1677 456 1708 492 *

736 566 1053 644 naufragus
1083 562 1267 624 eiecta
1301 561 1498 623 nudus
1529 571 1656 622 rate
1687 561 1916 640 quaerit
1944 563 2149 623 eodem

818 667 1165 730 percussum
1195 648 1332 721 telo,
1367 646 1469 725 qui
1498 665 1604 708 sua
1635 648 1751 707 fata
1780 647 1950 725 legat.

732 734 1019 816 grandine
1052 734 1151 813 qui
1183 741 1412 812 segetes
1443 741 1502 792 et
1529 742 1719 793 totum
1752 733 2004 812 perdidit
2036 751 2280 805 annum,

815 821 876 881 in
910 820 1082 882 simili
1113 818 1288 880 deflet
1316 817 1506 878 tristia
1538 819 1653 878 fata
1691 818 1844 878 sinu.

612 916 644 965 5
730 908 939 967 funera
970 903 1292 966 conciliant
1319 903 1584 976 miseros,
1615 903 1865 981 orbique
1894 911 2171 982 parentes

820 990 1197 1070 coniungunt
1225 988 1497 1068 gemitus,
1530 997 1588 1048 et
1618 988 1758 1048 facit
1788 987 1928 1048 hora
1961 1005 2150 1068 pares.

739 1095 848 1137 nos
880 1093 1117 1155 quoque
1148 1073 1413 1136 confusis
1444 1074 1724 1134 feriemus
1754 1073 1944 1134 sidera
1974 1074 2186 1147 verbiS,

822 1171 881 1221 et
908 1162 1061 1221 fama
1092 1168 1181 1221 est
1209 1160 1397 1220 socias
1427 1158 1639 1220 fortius
1668 1159 1754 1219 ire
1785 1176 1993 1238 preces

695 1263 727 1312 2
764 1261 845 1313 cui
870 1261 890 1328 ΙΙ
917 1263 948 1313 6
983 1275 1108 1312 urna
1144 1256 1429 1326 Reiskiusfl
1457 1260 1488 1311 8
1523 1262 1604 1310 est
1641 1262 1900 1324 constans,
1934 1257 2076 1309 unde
2110 1257 2309 1310 iunctas
2344 1257 2565 1307 Binetus

1450 1393 1689 1456 XXXIII
1701 1392 1735 1430 *

742 1517 918 1561 aurea
948 1498 1098 1559 mala
1128 1498 1292 1571 mihi,
1322 1496 1512 1558 dulcis
1540 1514 1670 1557 mea
1698 1496 1930 1570 Marcia,
1962 1496 2162 1572 mittis,

825 1584 1007 1645 mittis
1037 1592 1096 1644 et
1123 1581 1382 1644 hirsutae
1412 1600 1659 1643 munera
1693 1590 2018 1642 castaneae.

744 1669 944 1730 omnia
974 1676 1136 1748 grata
1166 1675 1390 1747 putem,
1422 1667 1524 1729 sed
1557 1666 1605 1728 si
1635 1666 1820 1746 magis
1849 1666 1974 1746 ipsa
2001 1666 2253 1742 venireS,

829 1771 1075 1815 ornares
1104 1752 1349 1827 donum,
1380 1752 1627 1832 pulchra
1656 1751 1870 1832 puella,
1900 1762 2086 1813 tuum.

628 1850 661 1899 5
744 1848 808 1900 tu
840 1839 976 1900 licet
1004 1846 1285 1917 apportes
1312 1837 1666 1916 stringentia
1693 1837 1844 1898 mala
1873 1837 2150 1917 palatum,

829 1923 1017 1985 tristia
1045 1923 1347 1984 mandenti
1380 1932 1469 1984 est
1497 1922 1742 1983 melleus
1771 1940 1874 1983 ore
1903 1940 2098 2002 sapor.

750 2018 809 2070 at
837 2009 886 2071 si
916 2008 1247 2070 dissimulas
1278 2008 1527 2069 multum
1557 2007 1698 2068 mihi
1731 2025 1865 2068 cara
1895 2009 2117 2083 venire,

835 2094 1032 2159 oscula
1065 2113 1198 2155 cum
1232 2094 1426 2174 pomis
1457 2093 1653 2153 mitte:
1685 2092 1903 2154 vorabo
1932 2093 2146 2156 lubens

706 2196 738 2248 8
775 2209 833 2246 os
871 2193 1008 2262 quali
1045 2193 1350 2259 compremis
1386 2193 1569 2244 Bineti
1603 2193 1787 2255 codex,
1824 2207 1986 2260 osque
2021 2192 2152 2245 ledis
2187 2205 2361 2245 morsu
2399 2193 2563 2243 ceteri

1453 2347 1721 2408 XXXIIII
1737 2345 1769 2378 '¹‘

754 2452 802 2513 si
832 2450 1056 2513 Phoebi
1087 2469 1258 2513 soror
1289 2469 1371 2524 eS,
1403 2449 1622 2510 mando
1653 2448 1779 2525 tibi,
1812 2449 1992 2523 Delia,
2026 2467 2279 2521 causam,

840 2536 1062 2598 scilicet
1091 2545 1157 2597 ut
1185 2535 1369 2610 fratri,
1402 2553 1553 2614 quae
1582 2543 1740 2614 peto,
1771 2535 1946 2596 verba
1976 2535 2158 2595 feras:
2323 2612 2330 2618 ·

758 2626 1072 2682 ‘marmore
1104 2620 1341 2682 Sicanio
1375 2620 1562 2682 struxi
1595 2620 1719 2696 tibi,
1752 2619 2051 2699 Delphice,
2083 2620 2366 2701 templum

849 2714 906 2766 et
936 2705 1162 2767 levibus
1193 2705 1429 2766 calamis
1459 2704 1706 2765 candida
1735 2705 1912 2767 verba
1943 2705 2096 2766 dedi.

642 2801 675 2850 5
765 2808 926 2851 nunc
958 2792 1006 2852 si
1039 2810 1147 2852 nos
1177 2790 1343 2851 audis
1374 2799 1549 2869 atque
1582 2808 1645 2851 es
1674 2790 1923 2864 divium,
1954 2790 2183 2870 Apollo,
2213 2807 2221 2816 ·

844 2876 937 2937 dic
966 2874 1129 2950 mihi,
1164 2876 1264 2953 qui
1299 2894 1575 2936 nummos
1606 2895 1728 2936 non
1763 2875 1956 2950 habet,
1989 2875 2148 2937 unde
2178 2875 2356 2956 petat'

716 2976 748 3025 2
786 2972 1018 3035 fortasse
1052 2974 1094 3026 si
1131 2974 1253 3026 licet

1496 3073 1702 3138 XXXV
1719 3075 1749 3111 *

766 3180 965 3241 omnia
997 3198 1149 3258 quae
1178 3180 1420 3241 miseras
1452 3190 1702 3258 possunt
1731 3179 1905 3241 finire
1937 3179 2244 3259 querellas,

849 3265 911 3325 in
944 3275 1227 3345 promptu
1257 3265 1439 3325 voluit
1469 3264 1754 3325 candidus
1783 3283 1911 3326 esse
1943 3265 2105 3328 deus.

764 3351 877 3412 vile
907 3350 1080 3411 holus
1109 3358 1169 3411 et
1196 3351 1360 3411 duris
1390 3350 1692 3410 haerentia
1723 3368 1888 3411 mora
1915 3350 2142 3412 rubetis

851 3436 1175 3516 pungentis
1204 3434 1491 3497 stomachi
1522 3452 1911 3514 composuere
1942 3437 2172 3497 famem.

646 3533 679 3582 5
766 3521 1009 3582 flumine
1038 3520 1233 3582 vicino
1266 3521 1481 3583 stultus
1511 3519 1651 3593 sitit,
1685 3520 1888 3600 effugit
1918 3539 2062 3582 euro

855 3624 990 3667 cum
1022 3606 1243 3668 calidus
1271 3605 1473 3685 tepido
1506 3615 1796 3666 consonat
1824 3606 1961 3684 igne
1989 3606 2204 3668 tholus.

773 3690 866 3750 lex
896 3700 1114 3751 armata
1144 3693 1309 3753 sedet
1338 3692 1562 3751 circum
1595 3691 1717 3750 fera
1746 3690 1950 3752 limina
1981 3699 2220 3771 nuptae,

856 3775 946 3835 nil
973 3777 1183 3837 metuit
1212 3777 1371 3838 licito
1403 3777 1531 3837 fusa
1558 3775 1752 3855 puella
1784 3786 1934 3837 toro.

773 3859 928 3937 quod
960 3861 1170 3923 satiare
1198 3870 1411 3942 potest,
1444 3861 1602 3922 dives
1632 3869 1838 3922 natura
1862 3861 2188 3922 ministrat:

637 3951 696 4003 10
866 3945 1021 4022 quod
1056 3946 1230 4008 docet
1257 3947 1508 4008 infrenis
1538 3946 1740 4025 gloria,
1771 3947 1891 4008 fine
1920 3955 2081 4008 caret

731 4044 765 4093 4
801 4043 1075 4108 pugnantis
1101 4044 1121 4111 ΙΙ
1147 4047 1177 4097 6
1212 4046 1331 4111 igne
1366 4059 1522 4111 rogus
1547 4045 1567 4112 ΙΙ
1597 4048 1658 4096 10
1694 4046 1905 4098 inferius
