2881 4580
441 310 523 369 60
1372 306 1677 360 PErRoNu

745 483 862 543 iam
892 481 1117 542 decima
1146 488 1400 542 maestos
1428 480 1587 542 inter
1615 481 1902 560 ancipites
1931 491 2124 544 metus
2627 497 2729 550 Lo

748 568 1010 647 Phrygas
1041 565 1348 627 obsidebat
1377 565 1586 628 messis
1617 573 1676 627 et
1703 567 1851 628 vatis
1881 567 2028 628 fides

749 652 1082 714 Calchantis
1113 658 1240 712 atro
1272 650 1453 712 dubia
1481 651 1775 731 pendebat
1808 661 1989 726 metu,

751 756 888 799 cum
917 736 1084 798 Delio
1118 737 1393 816 profante
1424 737 1581 798 caesi
1612 736 1862 798 vertices

640 834 670 883 5
755 823 890 884 Idae
921 824 1241 883 trahuntur
1269 821 1568 899 scissaque
1599 821 1662 881 in
1694 822 1910 883 molem
1941 820 2161 882 cadunt

750 908 987 982 robora,
1019 906 1311 967 minacem
1343 925 1494 985 quae
1525 908 1853 986 figurarent
1882 924 2122 984 equum.

749 994 1016 1073 aperitur
1045 992 1262 1070 ingens
1290 1000 1527 1052 antrum
1559 1000 1618 1053 et
1648 991 1888 1054 obducti
1923 1010 2155 1071 specus,

751 1079 854 1158 qui
885 1085 1076 1139 castra
1105 1085 1407 1155 caperent.
1467 1076 1587 1138 huc
1620 1077 1872 1138 decenni
1903 1076 2130 1157 proelio

748 1164 896 1224 irata
926 1163 1112 1223 virtus
1143 1161 1394 1237 abditur,
1426 1162 1651 1241 stipant
1679 1180 1883 1241 graves

609 1258 666 1310 10
752 1249 934 1311 Danai
967 1265 1259 1321 recessuS‚
1289 1248 1350 1308 in
1383 1266 1494 1308 suo
1524 1258 1660 1308 voto
1692 1248 1896 1308 latent.

755 1354 789 1395 o
821 1333 1029 1413 patria,
1062 1332 1261 1413 pulsas
1291 1332 1450 1393 mille
1480 1332 1836 1393 credidimus
1866 1341 2022 1392 rates

749 1420 1061 1497 solumque
1094 1417 1248 1478 bello
1279 1418 1567 1479 liberum:
1601 1418 1715 1478 hoc
1746 1416 1952 1478 titulus
1982 1416 2110 1476 fero

755 1505 999 1577 incisuS,
1028 1504 1143 1564 hoc
1174 1504 1245 1563 ad
1275 1505 1433 1564 furta
1465 1502 1834 1581 compositus
1867 1501 2057 1562 Sinon

754 1588 1027 1651 firmabat
1055 1596 1114 1649 et
1142 1606 1314 1649 mens
1343 1607 1579 1667 semper
1609 1587 1671 1647 in
1705 1589 1987 1648 damnum
2017 1593 2252 1665 potens.

611 1683 668 1735 15
839 1675 954 1735 iam
985 1673 1160 1734 turba
1189 1673 1379 1752 portis
1407 1672 1594 1733 libera
1624 1691 1693 1733 ac
1724 1672 1879 1733 bello
1911 1689 2121 1732 carens

757 1761 816 1820 in
848 1768 982 1820 vota
1013 1767 1312 1837 properat.
1371 1758 1610 1818 fletibus
1638 1765 1883 1818 manant
1912 1774 2100 1835 genae

756 1844 1093 1922 mentisque
1125 1843 1366 1922 pavidae
1398 1841 1676 1921 gaudium
1707 1841 1977 1904 lacrimas
2006 1840 2204 1902 habet.

760 1947 904 2007 quas
934 1937 1130 1990 metus
1157 1927 1370 2006 abegit.
1433 1945 1691 2006 namque
1724 1928 2001 2007 Neptuno
2034 1943 2202 1988 sacer

760 2014 988 2075 crinem
1017 2013 1247 2074 solutus
1277 2031 1456 2074 omne
1486 2011 1764 2074 Laocoon
1795 2013 1985 2092 replet

612 2106 672 2159 20
758 2100 1015 2160 clamore
1046 2098 1272 2178 vulgus.
1336 2117 1473 2159 mox
1503 2098 1746 2159 reducta
1777 2098 2020 2176 cuspide

760 2193 995 2246 uterum
1029 2183 1270 2256 notavit,
1299 2184 1415 2245 fata
1444 2183 1544 2245 sed
1577 2182 1811 2245 tardant
1839 2201 2068 2257 manuS‚

760 2271 1029 2349 ictusque
1061 2269 1247 2331 resilit
1278 2277 1337 2331 et
1366 2269 1516 2330 dolis
1545 2268 1708 2330 addit
1736 2269 1933 2329 fidem.

760 2356 975 2418 iterum
1004 2363 1203 2417 tamen
1237 2356 1551 2416 confirmat
1580 2354 1890 2415 invalidam
1922 2371 2164 2414 manum

757 2443 989 2519 altaque
1022 2440 1271 2521 bipenni
1302 2442 1480 2501 latera
1512 2448 1888 2519 pertemptat.
1949 2437 2148 2499 fremit

616 2538 673 2588 25
761 2526 987 2606 captiva
1017 2526 1208 2606 pubes
1238 2525 1420 2599 intus,
1455 2534 1514 2586 et
1544 2525 1683 2585 dum
1712 2532 2066 2597 murmurat,

763 2612 1017 2673 roborea
1045 2610 1234 2672 moles
1263 2610 1450 2689 spirat
1479 2609 1672 2670 alieno
1703 2618 1884 2671 metu.

760 2697 886 2758 ibat
914 2696 1188 2756 iuventus
1217 2703 1406 2774 capta,
1437 2696 1577 2755 dum
1610 2694 1848 2755 Troiam
1878 2693 2053 2774 capit,

763 2781 1104 2859 bellumque
1137 2788 1325 2841 totum
1357 2780 1561 2840 fraude
1592 2779 1846 2840 ducebat
1876 2797 2044 2841 nova.

867 2884 1004 2926 ecce
1034 2865 1143 2927 alia
1176 2873 1469 2926 monstra:
1504 2865 1659 2926 celsa
1690 2883 1804 2942 qua
1834 2864 2109 2925 Tenedos
2137 2880 2301 2924 mare

621 2960 680 3012 3ο
765 2951 942 3011 dorso
974 2950 1238 3029 replevit,
1270 2951 1495 3011 tumida
1524 2957 1900 3028 consurgunt
1927 2951 2077 3010 freta

767 3037 1043 3114 undaque
1074 3036 1320 3097 resultat
1347 3036 1527 3098 scissa
1558 3035 1876 3113 tranquillo
1909 3034 2126 3108 minor,

769 3121 957 3200 qualis
987 3121 1184 3182 silenti
1216 3130 1393 3183 noete
1423 3138 1731 3181 remorum
1761 3139 1945 3181 sonus

766 3207 945 3285 longe
975 3208 1250 3279 refertur,
1282 3225 1418 3266 cum
1442 3216 1722 3286 premunt
1750 3205 1964 3266 classes
1993 3222 2155 3264 mare

771 3292 1128 3371 pulsumque
1157 3310 1417 3352 marmor
1446 3290 1637 3351 abiete
1666 3289 1939 3370 imposita
1970 3290 2168 3367 gemit.

621 3388 679 3437 35
766 3377 1145 3457 respicimus:
1180 3394 1406 3456 angues
1436 3374 1687 3437 orbibus
1717 3375 1969 3454 geminis
2000 3376 2202 3434 ferunt

766 3462 839 3522 ad
869 3481 1003 3524 saxa
1034 3462 1265 3534 fluctus,
1295 3460 1519 3522 tumida
1550 3478 1804 3538 quorum
1835 3468 2076 3540 pectora

767 3557 925 3609 rates
955 3555 1021 3608 ut
1049 3547 1197 3607 altae
1228 3546 1513 3608 lateribus
1542 3559 1782 3625 spumas
1813 3554 2015 3624 agunt.

768 3631 867 3693 dat
896 3633 1082 3694 cauda
1110 3632 1392 3706 sonitum,
1424 3632 1647 3693 liberae
1678 3638 1864 3710 ponto
1897 3628 2071 3690 iubae

601 3798 631 3849 6
651 3796 942 3863 figurabant
964 3800 982 3863 u
1012 3804 1039 3851 7
1076 3802 1280 3851 conieci
1306 3804 1512 3865 paratur
1536 3799 1556 3867 ΙΙ
1582 3800 1613 3851 9
1632 3796 1830 3848 firmata
1859 3797 2146 3861 Iacobsim,
2164 3794 2344 3846 durata
2362 3791 2632 3843 Burman·

462 3880 565 3915 nus
586 3864 606 3933 ΙΙ
635 3869 700 3918 10
718 3880 954 3919 recessus
978 3866 1135 3919 Danai
1156 3868 1276 3919 etin
1297 3873 1420 3918 voto
1445 3867 1487 3916 0
1510 3866 1530 3934 ΙΙ
1561 3867 1620 3919 13
1642 3865 1745 3916 fata
1770 3867 1789 3929 ΙΙ
1824 3868 1885 3918 14
1905 3879 2050 3916 mens
2070 3877 2274 3928 semper
2286 3859 2630 3911 Autissiodu-

461 3937 662 3984 remis.-
693 3933 1004 3986 mendatium
1025 3950 1227 4001 semper
1241 3937 1522 3986 Parisinus
1539 3934 1677 3986 6842
1689 3934 1757 3997 D,
1779 3932 2098 3985 mendacium
2119 3931 2318 3997 reliqui
2347 3931 2357 3993 Ι
2386 3928 2629 3994 inpotens

464 4001 701 4068 coniecin
722 4003 784 4055 16
803 4009 1079 4069 properant
1094 4004 1114 4070 ΙΙ
1132 4006 1197 4056 22
1218 4003 1455 4069 letusque
1476 4003 1605 4053 libri
1626 4000 1741 4062 fere
1759 4017 1937 4052 omnes
1953 4000 1973 4068 ΙΙ
1992 4004 2054 4053 27
2084 4006 2136 4051 et
2157 4002 2222 4053 28
2234 4002 2363 4066 post
2377 3998 2440 4050 53
2466 3993 2629 4045 collo-

463 4076 552 4121 cat
566 4070 805 4136 Iahnius,
815 4076 943 4137 post
963 4074 1023 4123 10
1043 4086 1139 4136 ego
1156 4068 1178 4137 Ι
1194 4074 1257 4124 31
1280 4070 1557 4137 tranquillo
1578 4071 1702 4122 mari
1720 4069 1956 4137 Tollius-ss
1976 4072 2041 4123 38
2055 4072 2267 4136 pontem
2293 4073 2392 4118 aut
2411 4065 2627 4133 pontum
