2881 4580
451 290 575 349 194
1354 291 1687 345 VARRONIS

310 557 396 610 30¹1
749 549 958 628 capitis
987 566 1209 610 corona
1241 463 1864 611 bacisntliiuiii?l,iberi

753 634 958 696 faciem
989 633 1190 696 labore
1221 633 1383 696 flatili
1412 634 1611 696 viridis
1641 634 1856 714 premit

1419 754 1462 812 V
1494 756 1623 831 (10)

313 847 402 899 308
749 838 881 916 quis
911 838 1139 916 poculis
1164 839 1556 900 marcentium
1586 839 1832 901 chorum
1862 843 2021 901 intro
2052 839 2161 901 ibit
2189 839 2461 921 popino?

314 1051 402 1103 309
754 1045 937 1121 quare
965 1060 1126 1103 meas
1157 957 1753 1105 lubidineglagtSiIfias
1789 1043 2086 1124 bilinguos

1398 1161 1503 1221 VII
1531 1164 1665 1237 (12)

312 1255 399 1306 310
748 1244 1083 1307 trimodiam
1105 1247 1571 1326 amphoramque
1594 1247 1848 1308 eundem
1863 1247 2159 1308 temetiac
2173 1248 2344 1310 farris
2358 1248 2609 1309 modum

315 1459 400 1511 311
659 1450 816 1528 quod
871 1459 997 1510 tum
1050 1458 1222 1511 erant
1273 1450 1333 1510 in
1371 1363 1646 1511 621ιέ0ξέ)
1669 1468 1836 1511 coma
1865 1450 2185 1532 promissa,
2239 1467 2368 1513 rasa
2399 1450 2610 1525 barba,

451 1534 622 1616 pallia
654 1536 954 1596 trahentes

1390 1619 1545 1680 VIIII
1578 1620 1663 1699 (6)

315 1714 403 1766 312
664 1722 870 1765 omnes
922 1703 1184 1765 videmur
1236 1705 1408 1766 nobis
1462 1724 1592 1766 esse
1644 1705 1779 1766 belli
1844 1704 2032 1766 festivi
2090 1705 2405 1785 saperdae,
2465 1722 2606 1766 cum

449 1788 632 1850 simus
663 1791 918 1871 σαπροί

1439 1872 1492 1933 Χ
1520 1871 1612 1954 (8)

314 1968 401 2019 313
663 1976 834 2037 quam
861 1957 1107 2019 istorum
1123 1977 1377 2038 quorum
1396 1959 1612 2019 vitreae
1636 1968 1806 2039 togae
1822 1968 2121 2021 ostentant
2143 1961 2383 2022 tunicae
2408 1959 2609 2022 clavos

1430 2077 1510 2138 XI
1542 2078 1627 2155 (9)

313 2190 405 2242 314
663 2178 763 2240 sed
797 2178 1028 2260 Cynicis
1057 2180 1427 2241 involucrum
1460 2189 1520 2241 et
1547 2180 1787 2260 pallium
1817 2181 2040 2242 luteum
2072 2200 2194 2241 non
2227 2190 2317 2242 est

1392 2299 1499 2361 XII
1531 2301 1660 2379 (14)

315 2397 402 2449 315
664 2394 722 2445 et
750 2385 866 2445 hoc
895 2384 1144 2447 interest
1172 2385 1328 2446 inter
1356 2384 1682 2466 Epicurum
1724 2394 1783 2446 et
1826 2403 2128 2464 ganeones
2161 2394 2430 2457 nostros,
2474 2384 2609 2464 qui-

450 2467 562 2530 bus
592 2468 865 2531 modulus
895 2479 986 2532 est
1011 2471 1161 2532 vitae
1190 2471 1387 2532 culina

1376 2587 1512 2648 XIII
1542 2590 1673 2665 (13)

326 2706 413 2758 316
666 2707 795 2750 asse
837 2688 1070 2764 vinum,
1121 2707 1250 2751 asse
1297 2690 1787 2770 pulmentarium:
1849 2689 2167 2761 secundaS‚
2222 2706 2339 2768 quo
2397 2699 2607 2753 natura

452 2773 774 2852 affligatur,
810 2793 929 2835 non
963 2774 1336 2836 necessitudo

1364 2892 1525 2954 XIIII
1555 2889 1695 2976 (16)

317 3013 404 3065 317
659 3001 827 3073 putat
855 2995 980 3055 fore
1009 2996 1122 3057 hoc
1154 2995 1312 3074 quod
1346 3014 1509 3057 nunc
1541 2993 1967 3057 comedonibus
1997 2992 2157 3054 venit
2199 3013 2339 3068 usu,
2384 2995 2608 3075 quibus

453 3088 609 3138 mota
640 3078 940 3159 voluptate
971 3098 1104 3141 cum
1138 3081 1342 3154 edunt,
1372 3082 1514 3143 dum
1545 3089 1702 3142 taxat
1730 3080 1863 3160 gula
1895 3079 2111 3158 gaudet

623 3250 720 3301 307
758 3247 825 3301 N.
852 3264 910 3314 p.
947 3248 1047 3301 365
1084 3262 1312 3314 premere
1359 3246 1371 3316 Ι
1416 3262 1603 3300 corona
1652 3246 1865 3299 vaccitis
1911 3245 2033 3297 livie
2067 3247 2184 3310 (aut
2217 3245 2357 3309 livei)
2395 3246 2508 3300 sace
2545 3256 2608 3300 ut

452 3316 646 3369 labore.
714 3320 920 3368 incerta
956 3316 1274 3382 emendatio,
1309 3316 1455 3366 velut
1486 3316 1796 3367 admittitur
1830 3314 2086 3366 bacchicis
2121 3313 2237 3366 uvis
2274 3313 2387 3367 sace
2425 3316 2506 3368 vel
2543 3323 2608 3369 ut

452 3385 486 3439 l.
524 3385 559 3437 s.
594 3400 645 3439 v,
682 3390 879 3452 premat
911 3383 931 3452 ΙΙ
970 3385 1068 3438 308
1103 3382 1170 3435 Ν.
1196 3400 1255 3449 p.
1296 3385 1390 3437 161
1429 3384 1716 3451 popinones
1746 3387 1754 3451 Ι
1785 3382 1985 3451 poculis
2021 3387 2313 3447 argenteum
2362 3381 2374 3453 Ι
2421 3387 2608 3436 minus

452 3455 646 3506 durum
682 3454 743 3505 iit
777 3453 797 3521 ΙΙ
838 3454 937 3506 309
973 3451 1042 3507 Ν.
1074 3468 1128 3517 p.
1167 3453 1264 3505 229
1301 3452 1425 3504 tibia
1464 3451 1666 3518 generis
1701 3451 1968 3503 masculini
1996 3449 2015 3517 ΙΙ
2041 3451 2141 3503 310
2175 3448 2244 3502 Ν.
2277 3466 2331 3515 p.
2370 3455 2401 3504 5
2438 3458 2609 3505 temu-

452 3522 589 3574 lenta
621 3520 632 3590 Ι
662 3522 840 3574 eadem
877 3524 995 3584 (aut
1030 3520 1262 3583 eandem)
1297 3521 1474 3572 temeti
1510 3520 1695 3572 aean-is
1731 3519 1957 3571 modium
1986 3520 2124 3580 01311
2164 3516 2233 3570 Ν.
2261 3534 2321 3584 p.
2347 3521 2447 3572 362
2485 3536 2607 3588 pro·

451 3590 670 3643 mittere.
738 3592 982 3642 senarios
1016 3588 1312 3639 Meineleius
1341 3592 1528 3655 posuit
1559 3593 1813 3639 exeuntes
1846 3590 1906 3638 in
1940 3586 2151 3638 Graecia
2186 3591 2240 3636 et
2275 3587 2427 3653 pallia
2452 3588 2473 3655 ΙΙ
2501 3591 2606 3642 312

453 3657 520 3710 Ν.
546 3673 606 3722 p.
647 3660 743 3712 176
778 3658 1023 3724 saperdae
1070 3656 1214 3724 quasi
1264 3657 1542 3724 sapientes.
1617 3657 1711 3707 sed
1763 3656 2017 3707 videntur
2066 3649 2338 3723 σαπέρδαι
2395 3663 2611 3726 σαπροί

450 3725 782 3791 significari,
834 3742 938 3792 quo
980 3726 1138 3777 modo
1172 3726 1335 3776 verba
1381 3742 1492 3776 non
1530 3729 1756 3791 potuere
1801 3724 2048 3790 copulari
2080 3725 2191 3772 nisi
2218 3738 2321 3788 per
2353 3730 2608 3792 metrum,

452 3791 685 3854 fortasse
730 3796 909 3859 igitur
960 3795 1145 3846 cretici
1176 3798 1303 3844 eunt
1333 3793 1611 3844 incidendi
1639 3798 1763 3857 post
1806 3806 1984 3844 omnes
2030 3795 2081 3840 et
2116 3790 2288 3842 festivi
2333 3790 2353 3858 ΙΙ
2396 3795 2496 3847 313
2533 3793 2607 3846 Ν.

449 3876 502 3926 p.
540 3862 638 3913 448
676 3861 895 3913 vitreum
930 3867 982 3912 et
1011 3879 1065 3928 p.
1102 3862 1201 3914 536
1237 3861 1407 3913 tunica
1433 3862 1455 3929 fl
1482 3865 1581 3915 314
1616 3860 1684 3914 Ν.
1713 3876 1770 3928 p.
1807 3862 1907 3913 549
1943 3860 2114 3911 luteus
2144 3860 2165 3924 ΙΙ
2204 3860 2303 3911 315
2339 3858 2410 3913 Ν.
2438 3877 2499 3927 p.
2537 3865 2607 3916 55

454 3928 672 3981 culinam
710 3933 763 3979 et
787 3945 846 3995 p.
887 3932 982 3982 119
1019 3943 1278 3994 ganeones
1302 3928 1323 3995 ΙΙ
1349 3931 1449 3983 316
1483 3928 1552 3982 Ν.
1579 3946 1635 3996 p.
1673 3933 1739 3983 70
1775 3928 2033 3995 aurigatur
2067 3932 2119 3977 et
2147 3943 2202 3993 p.
2240 3928 2339 3980 355
2378 3931 2609 3982 necessi·

456 3996 579 4048 tudo
614 3995 634 4062 ΙΙ
670 3998 767 4049 317
806 3995 873 4049 N.
905 4013 959 4063 p.
997 3999 1062 4050 93
1099 3995 1408 4049 comedones
1450 3999 1459 4065 Ι
1499 3998 1636 4065 quod
1684 3996 1802 4050 huie
1835 3997 1940 4060 (hic
1975 3996 2185 4060 Iunius)
2230 3997 2607 4051 comedonibus

455 4062 695 4117 convenit
724 4064 733 4130 Ι
765 4070 884 4116 nota
919 4063 1186 4117 voluntate
1221 4065 1496 4117 comedunt
