2881 4580
443 270 564 329 154
1198 339 1203 343 ,
1377 270 1669 324 GARM1NA

679 443 867 505 Gades
897 441 1165 504 Herculis
1195 442 1579 523 umidumque
1610 443 1827 518 Tibur;

526 539 585 590 10
671 529 909 609 Cyllene
941 528 1117 589 celeri
1149 527 1257 588 deo
1292 528 1511 604 nivosa,

665 614 831 675 tardo
865 614 1089 693 gratior
1118 621 1387 673 aestuosa
1412 613 1706 688 Lemnos3

666 699 986 760 Hennaeae
1019 699 1292 759 Cererem
1326 717 1517 760 nurus
1546 700 1947 779 frequentant,

665 792 891 864 raptam
926 784 1167 864 Cyzicos
1200 792 1465 845 ostreosa
1498 784 1705 858 divam,

670 870 990 931 formosam
1023 870 1310 929 Venerem
1342 869 1560 931 Cnidos
1589 870 1941 950 Paphosque

669 1290 828 1371 quod
853 1292 960 1353 sim
995 1293 1104 1352 iam
1137 1292 1339 1354 senior
1369 1312 1684 1374 meumque
1716 1296 1877 1357 canis

666 1395 801 1438 cum
831 1375 1011 1437 barba
1042 1387 1219 1457 caput
1247 1378 1459 1439 albicet
1488 1379 1741 1459 capillis:

666 1462 995 1541 deprensos
1026 1481 1136 1542 ego
1168 1464 1472 1542 perforare
1504 1484 1743 1545 possum

668 1547 990 1609 Tithonum
1024 1548 1442 1628 Priamumque
1474 1550 1920 1630 Nestoremque.

1277 1726 1281 1731 ·
1393 1700 1651 1762 LXXVII

670 1803 990 1862 Immanem
1021 1803 1385 1863 stomachum
1419 1804 1562 1865 mihi
1591 1806 1856 1878 movetiS,

667 1887 769 1965 qui
799 1888 1037 1949 densam
1070 1887 1256 1948 facitis
1284 1888 1537 1949 subinde
1565 1909 1799 1971 saepem

668 1981 727 2032 et
755 1973 919 2034 fures
948 1971 1278 2051 prohibetis
1310 1973 1424 2033 buc
1455 1974 1633 2036 adire.

669 2058 784 2118 hoc
814 2067 902 2118 est
929 2057 1180 2132 laedere,
1213 2058 1351 2119 dum
1384 2058 1621 2136 iuvatis3
1653 2061 1767 2122 hoc
1797 2071 1887 2123 est

552 2153 583 2202 5
671 2162 792 2203 non
825 2143 1132 2204 admittere
1163 2142 1233 2202 ad
1266 2161 1555 2223 aucupem
1586 2147 1875 2208 volucres·

673 2227 975 2289 obstructa
1008 2236 1098 2290 est
1126 2228 1234 2303 via,
1269 2247 1379 2289 nec
1411 2229 1551 2292 licet
1580 2231 1794 2294 iacenti

670 2315 890 2376 iactura
921 2315 1074 2376 natis
1105 2315 1340 2393 expiare
1372 2315 1626 2395 culpam.

672 2417 813 2478 ergo
848 2400 947 2479 qui
979 2399 1146 2480 prius
1175 2419 1365 2479 usque
1396 2411 1457 2462 et
1487 2421 1674 2481 usque
1706 2411 1764 2464 et
1796 2421 1984 2482 usque

672 2487 868 2545 surum
901 2485 1173 2547 scindere
1204 2485 1447 2564 podices
1476 2487 1757 2563 solebam,

527 2579 584 2630 10
668 2588 778 2648 per
810 2582 1017 2631 noctes
1045 2571 1272 2649 aliquot
1299 2571 1542 2652 diesque
1573 2591 1759 2635 cesso.

671 2673 895 2732 poenas
926 2655 1002 2716 do
1031 2673 1289 2735 quoque,
1322 2666 1468 2734 quot
1496 2657 1636 2719 satis
1665 2676 1966 2738 superque
1996 2667 2100 2735 est,

669 2741 730 2800 in
763 2758 1084 2820 semenque
1115 2740 1259 2802 abeo
1293 2742 1571 2820 salaxque
1601 2744 1899 2822 quondam

674 2842 835 2885 nunc
865 2826 1038 2886 vitam
1071 2843 1289 2905 perago
1320 2860 1404 2871 -—
1437 2828 1570 2905 quis
1599 2828 1713 2890 hoc
1742 2826 2019 2908 putaret?
2050 2862 2134 2873 —-

673 2917 739 2969 ut
768 2910 969 2971 clusus
999 2912 1370 2972 citharoedus
1400 2910 1813 2976 abstinentem.

532 3003 587 3054 15
676 3004 735 3054 at
761 3013 883 3070 vos,
917 3015 993 3056 ne
1024 3014 1259 3075 peream
1293 2997 1409 3057 situ
1439 2997 1629 3072 senili,

672 3097 908 3157 quaeso,
941 3081 1190 3141 desinite
1218 3099 1346 3142 esse
1377 3082 1687 3161 diligentes

683 3184 829 3226 neve
854 3165 1143 3246 imponite
1175 3165 1415 3228 fibulam
1447 3168 1682 3247 Priapo.

1421 3319 1709 3381 LXXVIII

672 3421 746 3481 At
775 3421 832 3482 di
865 3421 1124 3501 deaeque
1156 3421 1434 3483 dentibus
1464 3422 1581 3483 tuis
1611 3440 1804 3483 escam

673 3516 911 3586 negent,
944 3508 1163 3569 amicae
1194 3507 1542 3587 cunnilinge
1575 3507 1816 3581 vicinae,

675 3610 781 3668 per
813 3611 989 3670 quem
1018 3593 1212 3673 puella
1245 3592 1415 3653 fortis
1437 3602 1576 3653 ante
1600 3610 1711 3652 nec
1735 3592 1986 3654 mendax

672 3685 730 3734 et
760 3694 911 3755 quae
940 3678 1164 3740 solebat
1193 3678 1447 3757 impigro
1479 3678 1636 3738 celer
1665 3695 1841 3756 passu

558 3769 585 3818 5
673 3759 741 3818 ad
776 3779 885 3823 nos
914 3763 1134 3838 venire,
1167 3781 1331 3824 nunc
1362 3762 1586 3823 misella
1616 3763 1880 3824 laodicae

675 3845 769 3905 vix
797 3864 971 3925 posse
1002 3847 1155 3909 iurat
1183 3846 1485 3909 ambulare
1514 3866 1655 3927 prae
1687 3848 1878 3909 fossis·

617 3978 839 4030 LXXVII
865 3982 890 4032 1
931 3979 1119 4033 videtis
1151 3981 1159 4046 Ι
1195 3983 1255 4033 13
1283 3997 1385 4033 non
1411 3982 1570 4034 vitam
1602 3981 1611 4048 Ι
1646 3984 1710 4034 14
1733 3985 1790 4034 ut
1826 3981 2000 4035 elusus
2023 3981 2220 4046 (clusus
2245 3997 2392 4034 unus
2415 3982 2599 4047 codex)

449 4046 771 4099 citharoedus
809 4046 1118 4099 abstinerem
1143 4049 1163 4115 ΙΙ
1188 4048 1428 4102 LXXVIII
1465 4053 1494 4101 5
1532 4049 1759 4102 laodices
