2881 4580
1238 294 1526 350 sA‘rmAE
1968 338 1973 343 -
2369 301 2447 360 35

221 473 489 527 Hautem
535 475 653 527 tam
701 467 1013 545 inaequale
1057 477 1214 541 erat3
1271 486 1408 529 nam
1468 469 1647 531 modo
1691 469 2072 534 Fortunatam
2129 473 2448 548 verebatur,

286 552 469 612 modo
499 552 571 612 ad
605 560 873 612 naturam
905 566 1070 613 suam
1100 553 1523 615 revertebatur.

461 647 523 697 ct
564 636 741 717 plane
785 636 1175 717 interpellavit
1217 638 1550 700 saltationis
1595 639 1898 702 libidinem
1960 643 2286 715 actuarius,
2342 646 2442 723 qui
2466 649 2546 712 53

283 729 573 801 tanquam
619 721 788 783 urbis
830 731 957 782 acta
988 721 1281 785 recitavitz
1316 723 1457 785 ‘VIL
1490 724 1769 788 kalendas
1797 725 2061 790 sextiles:
2106 728 2167 788 in
2198 730 2442 807 praedio

205 820 238 869 5
286 807 576 881 Cumano,
603 808 762 885 quod
784 816 875 867 est
889 806 1361 881 Trimalchionis,
1382 811 1504 869 nati
1528 818 1671 871 sunt
1690 812 1860 897 pueri
1878 811 2052 884 XXX,
2067 814 2296 893 puellae
2309 813 2442 891 xt.;

284 892 518 954 sublata
542 892 604 953 in
629 892 911 953 horreum
938 910 1009 953 ex
1033 910 1167 954 area
1190 893 1370 954 tritici
1392 894 1570 955 millia
1596 895 1860 958 modium
1881 898 2239 977 quingenta3
2264 898 2442 961 boves

286 978 494 1038 domiti
525 976 858 1056 quingenti.
919 977 1126 1039 eodem
1169 976 1294 1039 die:
1340 978 1709 1043 Mithridates
1748 999 1951 1044 servus
1979 982 2039 1043 in
2074 1001 2312 1045 crucem
2344 1003 2442 1045 ac—

285 1070 383 1124 tus
427 1071 552 1134 est,
598 1063 733 1141 quia
764 1061 869 1123 Gai
902 1063 1091 1124 nostri
1122 1064 1299 1144 genio
1330 1065 1481 1125 male
1510 1064 1754 1128 dixerat.
1814 1069 2023 1129 eodem
2069 1068 2193 1129 die:
2239 1068 2299 1130 in
2345 1087 2440 1131 ar-

286 1165 414 1208 cam
447 1148 698 1208 relatum
746 1156 861 1219 est,
909 1149 1066 1226 quod
1113 1146 1388 1209 collocari
1419 1167 1541 1210 non
1576 1152 1787 1229 potuit,
1830 1153 2166 1214 sestertium
2195 1154 2439 1216 centieS.

175 1245 237 1295 10
283 1232 495 1293 eodem
519 1233 643 1294 die:
674 1230 1015 1293 incendium
1046 1234 1264 1295 factum
1296 1242 1386 1294 est
1414 1234 1472 1294 in
1507 1235 1696 1297 hortis
1718 1237 2110 1317 Pompeianis,
2138 1248 2332 1300 ortum
2366 1259 2437 1301 ex

285 1317 534 1379 aedibus
561 1317 773 1378 Nastae
821 1316 1012 1378 vilici’.
1074 1318 1233 1397 ‘quid
1249 1316 1298 1378 *Γ
1357 1319 1555 1397 inquit
1591 1320 1944 1383 Trimalchio
1991 1323 2249 1401 ‘quando
2294 1325 2433 1386 mihi

285 1402 634 1482 Pompeiani
664 1403 821 1463 horti
865 1403 1050 1482 empti
1078 1400 1279 1464 sunt‘P’
1338 1408 1515 1465 ‘anno
1545 1406 1766 1484 priore’
1796 1408 1992 1486 inquit
2032 1409 2326 1471 actuarius
2359 1417 2438 1470 ‘et

284 1488 420 1549 ideo
444 1488 505 1548 in
530 1488 821 1549 rationem
841 1488 1111 1549 nondum
1133 1489 1467 1551 venerunt.'
1499 1491 1814 1552 excanduit
1827 1492 2180 1554 Trimalchio
2204 1501 2264 1553 et
2283 1495 2434 1572 ‘qui-

285 1573 546 1652 cunque'
575 1573 768 1652 inquit
796 1572 960 1633 ‘mihi
990 1574 1159 1634 tundi
1188 1575 1369 1653 empti
1402 1575 1645 1649 fuerint,
1677 1576 1790 1638 nisi
1821 1578 1978 1638 intra
2005 1587 2234 1640 sextum
2264 1597 2432 1640 men-

179 1668 241 1718 15
283 1675 409 1720 sem
442 1657 667 1733 sciero,
712 1659 773 1718 in
818 1657 1083 1719 rationes
1126 1676 1285 1720 meas
1329 1659 1538 1720 inferri
1583 1662 1794 1723 vetuo’.
1867 1662 1980 1723 iam
2025 1662 2198 1723 etiam
2244 1664 2432 1725 edicta

281 1742 557 1805 aedilium
600 1742 1006 1804 recitabantur
1047 1752 1107 1804 et
1147 1744 1563 1806 saltuariorum
1605 1754 1987 1821 testamenta,
2047 1748 2260 1828 quibus
2301 1750 2432 1810 Tri-

281 1828 534 1890 malchio
567 1846 700 1890 cum
731 1828 923 1909 elogio
956 1828 1452 1905 exheredabatur3
1498 1831 1613 1893 iam
1643 1833 1884 1894 nomina
1913 1833 2217 1895 vilicorum
2248 1843 2308 1895 et
2335 1854 2431 1896 re-

279 1914 520 1994 pudiata
552 1932 583 1974 a
616 1913 890 1974 circitore
919 1913 1125 1974 liberta
1155 1915 1216 1975 in
1249 1914 1606 1978 balneatoris
1636 1919 2031 1980 contubernio
2061 1920 2430 2001 deprehensa

281 2007 341 2059 et
371 1999 647 2060 atriensis
676 1998 844 2060 Baias
872 1999 1197 2078 relegatus;
1242 2001 1356 2062 iam
1402 2019 1542 2061 reus
1572 2002 1758 2064 factus
1788 2003 2162 2083 dispensator
2192 2015 2250 2066 et
2279 2006 2428 2067 iudi-

174 2087 234 2138 20
277 2085 437 2146 cium
470 2084 628 2145 inter
655 2082 1050 2146 cubicularios
1080 2093 1294 2146 actum.

450 2168 845 2249 petauristarii
886 2177 1082 2230 autem
1128 2171 1367 2231 tandem
1408 2181 1721 2232 venerunt.
1811 2171 1957 2233 baro
2002 2174 2428 2237 insulsissimus

281 2271 415 2315 cum
463 2254 637 2317 scalis
680 2253 949 2316 constitit
993 2273 1363 2334 puerumque
1407 2256 1576 2318 iussit
1604 2274 1715 2335 per
1742 2258 1958 2336 gradus
2002 2266 2061 2319 et
2104 2259 2164 2320 in
2196 2277 2426 2321 summa

278 2348 449 2419 parte
482 2341 680 2401 odaria
711 2340 921 2402 saltare
939 2385 955 2413 ,
988 2341 1239 2402 circulos
1269 2341 1484 2402 deinde
1514 2340 1788 2404 ardentes
1816 2343 2112 2404 transilire
2142 2353 2202 2405 et
2229 2344 2424 2406 denti-

274 2425 391 2486 bus
434 2426 776 2504 amphoram
821 2426 1132 2487 sustinere.
1192 2425 1519 2486 mirabatur
1558 2426 1705 2487 haec
1747 2426 1908 2488 solus
1937 2428 2291 2492 Trimalchio
2336 2431 2426 2491 di-

170 2514 229 2564 25
272 2509 564 2589 cebatque
594 2511 893 2591 ingratum
923 2510 1231 2572 artificium
1276 2529 1424 2572 esse.
1484 2520 1747 2572 ceterum
1792 2513 1911 2573 duo
1957 2531 2086 2575 esse
2128 2514 2191 2575 in
2243 2515 2423 2577 rebus

271 2596 577 2668 humanis,
625 2614 774 2675 quae
803 2595 1192 2657 libentissime
1234 2604 1558 2675 spectaret,
1605 2597 2047 2676 petauristarios
2077 2608 2137 2661 et
2163 2601 2425 2662 cornici-

275 2699 416 2756 nes;
462 2680 691 2759 reliqua
735 2681 1070 2758 [animalia]
1128 2689 1458 2743 acroamata
1502 2682 1680 2744 tricas
1721 2701 1915 2745 meras
1959 2703 2104 2746 esse.
2166 2689 2320 2746 ‘nam
2366 2697 2422 2746 et

273 2765 612 2827 comoedos'
643 2766 837 2845 inquit
868 2770 1174 2841 ‘emeram,
1219 2767 1321 2828 sed
1355 2767 1533 2828 malui
1564 2768 1696 2829 illos
1726 2769 2076 2831 Atellaniam
2107 2771 2331 2846 facere,
2364 2781 2425 2831 et

274 2851 599 2912 choraulen
631 2869 831 2913 meum
863 2851 1006 2912 iussi
1036 2851 1245 2913 Latine
1275 2853 1556 2913 cantare.'

168 2939 229 2989 30
445 2954 581 2997 cum
609 2935 860 2997 maxime
890 2936 1037 2997 haec
1065 2937 1300 2997 dicente
1331 2937 1473 2999 Gaio
1503 2955 1656 3016 puer

269 3021 727 3084 Trimalchionis
748 3022 1022 3101 delapsus
1052 3031 1158 3083 est.
1220 3023 1606 3084 conclamavit
1633 3023 1867 3096 familia,
1900 3041 2011 3083 nec
2043 3024 2242 3085 minus
2271 3043 2418 3086 con-

269 3109 449 3181 vivae,
483 3125 604 3167 non
637 3116 885 3186 propter
912 3107 1358 3168 hominem-tam
1390 3108 1681 3189 putidum,
1712 3109 1881 3169 cuius
1904 3117 1964 3169 et
1985 3109 2242 3171 cervices
2263 3111 2416 3171 frac-

268 3202 357 3254 tas
386 3192 640 3253 libenter
667 3191 978 3263 vidissent,
1026 3193 1127 3253 sed
1160 3202 1406 3272 propter
1435 3192 1655 3254 malum
1685 3192 1905 3253 exitum
1937 3211 2151 3266 cenae,
2200 3212 2276 3254 ne
2309 3214 2414 3255 ne—

268 3296 436 3341 cesse
464 3277 755 3337 haberent
781 3276 1039 3350 alienum
1085 3286 1382 3338 mortuum
1413 3279 1670 3359 plorare.
1729 3278 1854 3358 ipse
1897 3277 2248 3339 Trimalchio
2280 3296 2412 3339 cum

166 3373 223 3422 35
266 3363 524 3444 graviter
552 3362 938 3442 ingemuisset
981 3380 1278 3442 superque
1310 3363 1614 3425 brachium
1660 3371 1942 3441 tanquam
1987 3363 2209 3423 laesum
2239 3363 2412 3425 incu-

265 3448 514 3521 buisset,
559 3465 919 3508 concurrere
962 3448 1202 3523 medici,
1248 3458 1305 3509 et
1349 3449 1505 3509 inter
1534 3448 1759 3527 primos
1791 3447 2108 3507 Fortunata
2152 3447 2416 3511 crinibus

269 3533 456 3615 passis
502 3550 636 3593 cum
667 3532 921 3612 scypho,
969 3533 1360 3612 miseramque
1390 3554 1454 3595 se
1486 3543 1660 3612 atque
1691 3532 1986 3592 infelicem
2016 3533 2414 3611 proclamavit.

230 3637 402 3680 ‚nam
436 3636 588 3698 puer
618 3617 887 3696 quidem,
935 3618 1034 3695 qui
1080 3618 1400 3691 ceciderat,
1447 3618 1796 3680 circumibat
1837 3617 1951 3677 iam
1982 3616 2202 3679 dudum
2234 3621 2415 3699 pedes

268 3713 510 3766 nostros
539 3713 598 3763 et
625 3702 965 3763 missionem
995 3704 1256 3782 rogabat.
1316 3706 1570 3783 pessime
1616 3703 1756 3763 mihi
1788 3712 1943 3777 erat,
1991 3721 2067 3763 ne
2100 3704 2188 3765 his
2218 3707 2413 3784 preci-

439 3859 462 3908 1
503 3852 813 3904 fortunatam
861 3868 1005 3905 suam
1053 3853 1402 3905 revertebatur
1450 3853 1601 3904 modo
1650 3851 1713 3904 ad
1751 3857 1981 3903 naturam
2019 3857 2086 3905 et.
2138 3857 2197 3904 in
2228 3858 2415 3920 priore

266 3926 526 3974 commate
566 3925 728 3986 putes
774 3922 928 3973 aliud
964 3926 1248 3989 praeterea
1283 3923 1504 3971 verbnm
1553 3922 1804 3971 omissum
1838 3922 1985 3972 velut
2014 3920 2362 3988 indignantem
2396 3924 2416 3974 n

265 3993 330 4044 23
369 3991 584 4043 transire
610 3988 630 4055 ss
656 3991 720 4041 26
747 3989 979 4043 cornices
1005 3990 1025 4057 ΙΙ
1049 3993 1111 4042 27
1138 3990 1496 4041 cromataricas
1522 3987 1542 4057 ΙΙ
1566 3990 1630 4041 28
1657 3988 1769 4054 sed]
1795 3994 1848 4040 et
1878 3990 1888 4055 Ι
1922 3989 2125 4041 atellam
2154 3990 2173 4057 ΙΙ
2199 3992 2262 4043 30
2289 4008 2412 4043 con-

263 4058 350 4118 fer
381 4058 587 4125 fragm.
613 4056 722 4109 XV

1925 4141 2000 4195 3*

2439 2945 2519 3005 54
