2881 4580
471 278 500 333 1
511 275 543 335 7
554 274 592 333 2
1378 274 1712 328 VARRONIS

1433 446 1542 508 1111
1576 448 1662 527 (3)

363 563 422 614 9ο
664 550 807 611 libet
834 569 929 611 me
961 549 1400 629 epigrammatia
1432 552 1647 624 faeere,
1682 558 1740 611 et
1763 550 2046 629 quoniam
2080 550 2316 611 nomina
2350 567 2475 610 non
2501 567 2630 610 me-

419 658 426 666 ·
467 636 632 712 mini,
665 637 823 715 quod
856 636 916 697 in
950 636 1142 697 solum
1174 635 1313 696 mihi
1345 637 1592 709 venerit,
1624 652 1844 715 ponam

1029 822 1145 875 ΔῙΣ
1196 820 1469 874 ΠΑῙΔΕΣ
1524 820 1603 872 Ol
1656 821 1697 872 Γ
1701 821 2055 874 ΕΡΟΝΤΕΣ

364 954 421 1005 91
664 958 881 1021 purum
913 948 1121 1020 putum
1529 928 1535 935 ’

1223 1087 1465 1141 DOMVM
1502 1088 1636 1140 AVT
1674 1088 1865 1141 SERIA

364 1226 422 1277 92
875 1210 1133 1272 mundus
1163 1210 1373 1290 domus
1404 1218 1493 1272 est
1523 1215 1770 1271 maxima
1801 1209 2047 1272 homulli

879 1314 1054 1376 quam
1085 1296 1350 1376 quinque
1383 1296 1630 1357 altitona
1662 1295 1894 1374 agmine
1925 1314 2124 1357 zonae

875 1381 1143 1461 cingunt,
1174 1399 1280 1460 per
1312 1399 1485 1460 quam
1517 1381 1731 1442 limbus
1762 1380 1955 1460 pictus

877 1466 968 1528 bis
997 1485 1099 1528 sex
1129 1465 1315 1545 signis
1345 1465 1880 1529 stellumieantibus

801 1563 830 1613 5
874 1552 1023 1613 altus
1053 1552 1115 1612 in
1149 1551 1388 1630 obliquo
1422 1551 1659 1613 aethere
1691 1552 1893 1612 Lunae

922 1636 1086 1717 bigas
1116 1645 1381 1717 acceptat

1318 1784 1766 1838 ECDEMETICVS

365 1889 423 1939 93
672 1874 1014 1955 quadrigam

1324 1993 1777 2070 ΕΚΑΤΟΜΒΗ

1309 2096 1464 2163 περὶ
1502 2091 1779 2143 θυσιῶν

1480 2197 1505 2257 1
1540 2197 1628 2272 (3)

368 2298 426 2349 94
879 2292 1045 2365 pater
1076 2287 1143 2344 ut
1172 2301 1385 2345 eruore
1416 2284 1635 2344 lavaret
1664 2300 1900 2343 ararum
1930 2286 2175 2361 aggeres

1466 2401 1518 2462 11
1549 2403 1637 2479 (4)

367 2501 425 2551 95
876 2499 936 2549 at
965 2488 1120 2568 regis
1151 2487 1308 2549 ensis
1338 2487 1627 2565 sanguine
1658 2487 1903 2548 inbutus
1933 2486 2104 2564 nigro

369 2704 428 2755 96
881 2691 1092 2752 Luddn
1125 2691 1317 2752 fluens
1346 2604 1772 2752 subuSIaiffibus
1802 2690 2020 2751 flumen
2054 2690 2185 2751 tulit

882 2795 1111 2852 aurum,
1144 2778 1291 2838 later
1322 2777 1481 2855 quod
1513 2775 1936 2855 conquadravit
1965 2775 2163 2856 regius

1436 2893 1541 2955 1111
1572 2896 1659 2973 (2)

371 2994 429 3043 97
880 2978 983 3040 ubi
1017 2979 1113 3040 illa
1144 2979 1383 3058 phalera
1413 2984 1678 3059 gemmea
1710 2988 1886 3059 atque
1919 2978 2193 3059 ephippia

883 3073 942 3125 et
972 3083 1134 3126 arma
1164 3066 1491 3145 margaritis
1523 3064 1889 3126 candicantia

1468 3184 1512 3241 V
1545 3186 1629 3263 (5)

371 3282 428 3332 98
1175 3287 1302 3330 mea
1334 3269 1516 3348 igitur
1544 3267 1890 3330 hecatombe
1899 3285 2066 3349 pura
2097 3272 2166 3328 ae
2199 3276 2342 3348 puta

645 3438 710 3489 90
748 3434 1038 3501 Ν.1).500
1076 3436 1400 3488 accusativus
1436 3452 1530 3503 pro
1567 3436 1793 3503 genitivo
1824 3435 1834 3504 Ι
1866 3436 2230 3501 epigrammata
2268 3435 2368 3486 alii
2405 3435 2535 3486 libri

644 3506 708 3557 91
750 3502 949 3555 Gellius
986 3502 1069 3554 VH
1107 3507 1255 3566 5,10

651 3574 716 3624 92
752 3573 956 3623 Probus
991 3571 1152 3637 Ver-g.
1190 3574 1282 3625 ecl.
1320 3575 1366 3633 6,
1405 3573 1464 3625 31
1519 3571 1527 3638 Ι
1577 3575 1607 3624 2
1643 3571 1888 3624 altitonae
1927 3571 2172 3638 fragmine
2206 3571 2348 3622 unde
2385 3571 2634 3639 Scaliger

478 3640 703 3705 quinque
738 3638 982 3692 altitonae
1019 3640 1149 3692 hanc
1187 3640 1435 3706 fragmine

648 3709 710 3759 93
754 3706 953 3759 Gellius
987 3708 1097 3759 XIX
1134 3711 1189 3773 8,
1243 3712 1302 3762 17
1353 3707 1651 3775 quadrigam
1701 3722 1911 3760 numero
1965 3706 2209 3775 singulari
2263 3706 2483 3774 dictam,
2538 3710 2634 3759 ubi

480 3776 608 3825 libri
631 3773 989 3827 Exdemeticus

568 3835 577 3848 ‘
650 3845 716 3895 94
751 3841 962 3894 Nonius
990 3860 1049 3910 p.
1087 3846 1187 3896 466
1221 3844 1393 3896 lavare
1430 3848 1565 3908 etp.
1605 3846 1705 3896 504
1740 3842 1867 3895 lavit
1914 3842 1921 3909 Ι
1971 3857 2207 3910 aggerem
2254 3842 2339 3894 vel
2385 3839 2631 3909 aggerum

476 3926 528 3974 p.
565 3913 665 3963 504
690 3911 710 3977 ΙΙ
736 3913 801 3964 95
838 3910 976 3976 Ν.1)
980 3915 1125 3965 .521
1166 3913 1393 3965 imbuere
1432 3912 1452 3978 ΙΙ
1488 3914 1553 3965 96
1590 3912 1658 3966 Ν.
1688 3914 1876 3978 1).131
1917 3911 2044 3963 later
2078 3916 2130 3961 et
2158 3927 2214 3976 p.
2254 3913 2352 3964 520
2389 3911 2579 3963 lateres
2619 3913 2626 3978 Ι

480 3978 658 4043 religio
685 3995 744 4044 p.
786 3980 878 4033 131
926 3978 945 4045 ΙΙ
985 3982 1048 4032 97
1087 3978 1154 4031 Ν.
1186 3996 1240 4046 1).
1279 3982 1377 4033 213
1414 3995 1522 4031 mar
1560 3981 1742 4032 aritum
1790 3979 2173 4047 [gemmeaque
2204 3981 2450 4046 plerique
2487 3980 2634 4044 libri,

481 4060 680 4111 gemme
717 4049 871 4112 atque
906 4061 1048 4097 unus
1077 4048 1085 4113 Ι
1117 4049 1373 4113 margariti
1410 4067 1514 4099 καν
1552 4067 1768 4100 ικαντια
1795 4048 1902 4115 1198
1940 4047 2006 4100 Ν.
2039 4064 2093 4113 p.
2133 4049 2195 4100 27
2235 4053 2388 4115 putus
