2881 4580
467 269 586 327 142
672 234 679 243 ’
1159 352 1165 359 ¹
1390 274 1683 327 cAmmNA

1456 446 1605 507 XXV

691 545 818 606 Hoc
848 554 1171 642 sceptrum,
1204 548 1360 625 quod
1393 548 1465 609 ab
1499 549 1711 610 arbore
1742 560 1809 632 up
1839 551 2093 613 recisum
2124 561 2229 625 est,

691 631 893 692 nulla
878 649 992 692 iam
1022 632 1240 711 poterit
1265 633 1456 694 virere
1487 636 1732 710 fronde3

688 726 1005 797 sceptrum,
1037 716 1195 795 quod
1227 719 1492 798 pathicae
1519 728 1732 800 petunt
1761 720 2009 801 puellae,
2086 732 2089 735 “

688 802 846 879 quod
877 802 1112 880 quidam
1145 803 1396 882 cupiunt
1423 813 1628 866 tenere
1659 823 1849 883 reges,

575 896 604 945 5
692 887 787 948 cui
818 888 961 948 dant
990 886 1191 948 oscula
1221 887 1453 950 nobiles
1483 890 1728 964 cinaedi,

689 972 845 1033 intra
873 973 1097 1034 viscera
1124 972 1272 1034 furis
1301 972 1410 1035 ibit
1439 993 1626 1054 usque

694 1056 766 1118 ad
815 1057 1035 1137 pubem
1067 1058 1461 1138 capulumque
1493 1060 1813 1121 coleorum.

691 1294 876 1355 Porro
909 1328 991 1338 —-
1022 1313 1157 1356 nam
1187 1296 1321 1374 quis
1351 1296 1464 1357 erit
1494 1294 1746 1358 modus?
1778 1333 1858 1342 —
1892 1298 2173 1372 Quirites,
2259 1298 2263 1307 '

687 1389 788 1451 aut
816 1379 1136 1459 praecidite
1167 1381 1448 1442 seminale
1482 1382 1831 1457 membrum,

689 1463 849 1544 quod
877 1465 1016 1526 totis
1045 1465 1187 1526 mihi
1217 1466 1495 1528 noctibus
1523 1468 1769 1546 fatigant

688 1550 914 1611 vicinae
942 1551 1072 1611 sine
1101 1551 1221 1611 fine
1253 1552 1590 1631 prurientes

575 1644 605 1693 5
690 1635 886 1696 vernis
915 1635 1251 1715 passeribus
1281 1636 1613 1712 salacioreS,

690 1729 789 1781 aut
818 1738 1062 1800 rumpar
1093 1740 1204 1782 nec
1236 1719 1527 1783 babebitis
1551 1722 1847 1803 Priapum.

691 1805 803 1885 ipsi
835 1806 1096 1879 cernitis,
1129 1807 1414 1868 effututus
1444 1816 1510 1869 ut
1538 1809 1645 1869 sim
1798 1868 1807 1879 ,

692 1891 1117 1970 confectusque
1147 1909 1464 1970 macerque
1493 1892 1883 1973 pallidasque,

692 1975 792 2054 qui
824 1975 1123 2054 quondam
1153 1976 1333 2038 ruber
1363 1986 1422 2038 et
1449 1978 1650 2039 valens
1677 1978 1939 2040 solebam

550 2069 605 2119 10
648 2080 654 2087 ·
690 2062 851 2122 fures
882 2062 1125 2122 caedere
1154 2062 1477 2141 quamlibet
1506 2064 1781 2124 valentes.

692 2146 905 2208 defecit
934 2147 1084 2208 latus
1112 2158 1171 2208 et
1199 2147 1589 2227 periculosam

691 2250 826 2293 cum
855 2232 1002 2294 tussi
1030 2233 1210 2295 miser
1239 2252 1432 2314 expuo
1466 2233 1719 2296 salivam.

694 2487 949 2548 Deliciae
979 2488 1205 2568 populi,
1237 2506 1451 2567 magno
1484 2487 1787 2548 notissima
1820 2487 1980 2548 circo

772 2571 1030 2644 Quintia,
1063 2573 1314 2634 vibratas
1344 2573 1514 2633 docta
1543 2590 1779 2633 movere
1811 2580 1997 2645 nateS,

691 2656 955 2735 cymbala
986 2677 1120 2719 cum
1152 2658 1401 2728 crotaliS,
1435 2658 1758 2739 pruriginis
1788 2674 1971 2730 arma,
2006 2657 2214 2737 Priapo

771 2743 941 2820 ponit
971 2754 1029 2803 et
1057 2742 1306 2804 adducta
1337 2752 1616 2823 tympana
1646 2742 1815 2821 pulsa
1847 2761 2057 2803 manu.

577 2836 606 2885 5
692 2844 802 2906 pro
832 2828 1067 2905 quibus,
1101 2839 1164 2889 ut
1194 2847 1426 2907 semper
1456 2829 1681 2908 placeat
1709 2828 2128 2906 spectantibus,
2156 2839 2313 2918 orat

771 2920 1049 2991 lentaque
1078 2913 1150 2973 ad
1182 2913 1517 2992 exemplum
1548 2913 1623 2974 sit
1651 2932 1756 2974 sua
1787 2912 1958 2973 turba
1991 2913 2101 2973 dei.
2162 2921 2165 2924 ’

1427 3065 1667 3126 XXVIII

697 3165 804 3238 Tu,
836 3167 938 3245 qui
969 3186 1088 3227 non
1123 3166 1276 3229 bene
1306 3168 1528 3247 cogitas
1558 3176 1617 3227 et
1644 3185 1817 3244 aegre

694 3252 992 3331 carpendo
1024 3252 1130 3313 tibi
1161 3262 1454 3334 temperas
1485 3252 1558 3313 ab
1588 3253 1779 3319 horto,
1899 3249 1904 3255 ’

692 3337 1042 3417 pedicabere
1073 3338 1295 3406 fascino
1331 3337 1544 3417 pedali.

695 3423 850 3501 quod
881 3423 928 3484 si
958 3432 1078 3483 tam
1106 3424 1297 3503 gravis
1326 3433 1383 3484 et
1413 3422 1657 3483 molesta
1689 3440 1879 3501 poena

696 3527 819 3567 non
852 3509 1190 3587 profecerit,
1223 3507 1428 3569 altiora
1460 3517 1717 3585 tangam.

1409 3658 1672 3720 XXVIIII

700 3760 1006 3836 Obscenis,
1037 3775 1293 3842 peream,
1327 3763 1556 3841 Priape,
1588 3762 1635 3822 si
1668 3779 1791 3821 non

699 3846 781 3906 uti
813 3864 905 3907 me
935 3848 1160 3927 pudet
1145 3848 1550 3928 lmpiobisque
1579 3846 1790 3907 verbis·

641 3978 777 4030 XXV
822 3984 843 4032 1
873 3978 1063 4031 arbore
1099 3985 1179 4031 est
1212 3980 1429 4032 recisum
1463 3980 1482 4049 ΙΙ
1509 3978 1668 4031 XXVI
1704 3983 1734 4032 9
1770 3977 2000 4041 fortasse
2035 3981 2086 4030 et
2121 3978 2289 4044 rigens
2335 3977 2356 4047 ΙΙ
2390 3976 2608 4047 xxvun

475 4050 504 4098 2
541 4046 784 4112 improbis
819 4047 1095 4114 probisque
1130 4048 1215 4098 vel
1246 4050 1548 4114 probrisque
