2881 4580
460 298 542 360 30
1384 300 1688 354 ΡΕΤΒΟΝΠ

457 475 740 537 urceatim
770 474 1072 554 plovebat:
1118 482 1220 536 aut
1261 481 1406 534 tunc
1451 482 1551 534 aut
1592 491 1932 552 nunquam:
1978 481 2037 534 et
2080 491 2287 534 omnes
2329 472 2682 534 redibantll

458 561 557 622 udi
589 571 865 638 tanquam
899 578 1116 621 mures.
1178 560 1374 637 itaque
1419 558 1498 618 dii
1543 557 1724 636 pedes
1767 558 1995 620 lanatos
2024 558 2274 631 habent,
2319 559 2455 637 quia
2488 578 2599 620 nos

456 646 713 726 religiosi
746 664 863 706 non
897 663 1119 706 sumus.
1178 644 1303 723 agri
1333 643 1544 704 iacent’
1575 679 1658 690 --

355 733 436 793 45
627 735 751 792 ‘oro
796 730 872 790 te'
902 730 1096 809 inquit
1126 729 1350 791 Echion
1384 728 1763 789 centonarius
1794 727 2022 789 ‘melius
2051 728 2314 806 loquere.
2380 727 2595 787 “modo

455 817 556 890 sic,
589 817 761 877 modo
795 814 916 876 sic’'
938 815 1131 893 inquit
1157 816 1443 889 rusticus;
1475 815 1699 874 varium
1721 832 1967 893 porcum
1997 813 2347 892 perdiderat.
2390 811 2399 892 Ι
2439 813 2595 891 quod
2639 829 2674 879 5
2722 830 2816 882 HL

453 901 627 962 hodie
658 920 778 961 non
806 910 923 974 est,
968 918 1098 961 cras
1128 901 1271 960 eritt
1316 899 1401 960 sic
1427 899 1543 959 vita
1579 899 1852 959 truditur.
1894 894 1903 981 Ι
1944 916 2065 959 non
2097 897 2461 959 mehercules
2491 915 2594 977 pa·
2616 920 2670 970 H

450 987 560 1047 tria
591 986 802 1047 melior
830 986 943 1046 dici
976 994 1184 1064 potest,
1215 985 1264 1046 si
1295 985 1561 1045 homines
1590 983 1853 1045 haberet.
1913 984 2013 1044 sed
2045 983 2273 1043 laborat
2301 984 2414 1043 hoc
2444 992 2594 1043 tem-

452 1090 629 1150 pore,
679 1089 789 1131 nec
818 1071 964 1130 haec
994 1070 1134 1130 sola.
1196 1089 1315 1130 non
1351 1069 1632 1130 debemus
1663 1069 1889 1129 delicati
1923 1087 2079 1143 esse,
2116 1066 2337 1146 ubique
2367 1068 2595 1128 medius

451 1156 644 1218 caelus
674 1166 778 1217 est.
838 1166 900 1216 tu
932 1156 979 1216 si
1023 1154 1202 1216 aliubi
1232 1155 1438 1228 fueris,
1484 1155 1642 1215 dices
1673 1154 1767 1214 bic
1795 1172 2011 1233 porcos
2040 1161 2241 1214 coctos
2271 1153 2589 1213 ambulare.

451 1249 510 1302 et
539 1259 677 1302 ecce
708 1240 965 1302 habituri
996 1257 1198 1301 sumus
1229 1257 1447 1300 munus
1477 1238 1799 1299 excellente
1840 1239 1899 1299 in
1930 1239 2126 1299 triduo
2158 1239 2252 1299 die
2282 1240 2458 1315 festa3
2502 1238 2591 1297 fa·
2637 1254 2703 1308 10

448 1326 606 1386 milia
637 1345 758 1386 non
792 1325 1099 1398 lanisticia,
1130 1325 1230 1386 sed
1260 1323 1493 1402 plurimi
1524 1323 1737 1384 liberti.
1792 1332 1850 1384 et
1876 1324 2044 1385 Titus
2077 1332 2280 1384 noster
2308 1341 2591 1403 magnum

447 1411 706 1472 animum
738 1410 915 1471 habet
945 1419 1004 1470 et
1033 1420 1122 1470 est
1151 1408 1631 1470 caldicerebrius:
1678 1417 1779 1469 aut
1819 1409 1934 1468 hoc
1963 1418 2059 1469 aut
2090 1409 2230 1470 illud
2262 1409 2401 1482 erit,
2447 1408 2590 1485 quid

447 1497 669 1574 utique.
732 1514 867 1556 nam
898 1495 979 1556 illi
1010 1495 1366 1555 domesticus
1395 1511 1561 1565 sum,
1608 1511 1728 1553 non
1763 1502 1853 1554 est
1895 1493 2118 1554 miscix.
2179 1495 2401 1553 ferrum
2434 1493 2590 1572 opti-

445 1599 605 1642 mum
637 1580 880 1642 daturus
912 1591 1030 1652 est,
1062 1581 1191 1641 sine
1221 1581 1386 1658 fuga,
1419 1578 1754 1638 carnarium
1784 1578 1843 1638 in
1875 1578 2097 1652 medio,
2129 1586 2195 1638 ut
2225 1578 2586 1658 amphithea-

446 1674 599 1726 trum
632 1667 838 1726 videat.
915 1673 976 1725 et
1004 1664 1180 1725 habet
1222 1664 1409 1725 unde:
1457 1662 1725 1724 relictum
1771 1672 1861 1724 est
1893 1663 1974 1723 illi
2005 1663 2335 1725 sestertium
2370 1663 2587 1723 tricen-
2634 1681 2698 1731 15

444 1750 580 1825 ties,
628 1750 877 1812 decessit
904 1749 1058 1810 illius
1087 1758 1254 1828 pater
1282 1748 1451 1808 male.
1524 1757 1586 1808 ut
1615 1748 2044 1827 quadringenta
2086 1748 2415 1828 impendat,
2462 1766 2585 1809 non

441 1836 657 1896 sentiet
687 1834 1107 1914 patrimonium
1140 1834 1312 1905 illius,
1358 1843 1415 1893 et
1446 1833 1807 1912 sempiterno
1838 1833 2258 1894 nominabitur.
2316 1833 2430 1893 iam
2462 1833 2590 1892 Ma-

442 1919 572 1981 nios
602 1920 825 1999 aliquot
854 1919 1030 1980 habet
1058 1928 1117 1980 et
1145 1919 1451 1979 mulierem
1483 1919 1829 1979 essedariam
1862 1926 1921 1979 et
1950 1918 2414 1999 dispensatorem
2446 1917 2587 1998 Gly-

441 2004 636 2077 coniS‚
682 2005 783 2084 qui
829 2005 1234 2084 deprehensus
1277 2012 1396 2077 est,
1442 2022 1579 2064 cum
1625 2004 1921 2064 dominam
1964 2022 2129 2065 suam
2174 2003 2582 2064 delectaretur.

438 2088 659 2151 videbis
716 2090 918 2169 populi
974 2088 1156 2149 rixam
1215 2089 1371 2149 inter
1413 2089 1714 2169 zelotypos
1758 2097 1816 2149 et
1865 2089 2314 2149 amasiunculos.
2403 2088 2585 2168 Glyco
2627 2104 2690 2156 20

438 2182 667 2249 autem,
712 2175 1100 2236 sestertiarius
1145 2175 1352 2248 homo,
1393 2173 1854 2252 dispensatorem
1887 2173 1958 2234 ad
1986 2174 2202 2234 bestias
2231 2173 2407 2234 dedit.
2466 2174 2581 2234 hoc

437 2269 526 2322 est
568 2279 632 2323 se
676 2260 868 2341 ipsum
913 2259 1240 2322 traducere.
1302 2258 1439 2338 quid
1487 2277 1689 2321 servus
1723 2259 2019 2339 peccavit,
2065 2258 2167 2337 qui
2212 2268 2451 2321 coactus
2494 2267 2585 2321 est

436 2344 677 2408 facere?
731 2347 915 2425 magis
945 2346 1039 2407 illa
1071 2345 1299 2406 matella
1330 2346 1503 2422 digna
1536 2344 1673 2419 fuit,
1721 2363 1895 2423 quam
1926 2353 2130 2405 taurus
2160 2345 2418 2405 iactaret.
2477 2346 2582 2406 sed

438 2432 539 2509 qui
571 2432 799 2492 asinum
842 2451 960 2492 non
1007 2439 1230 2510 potest,
1275 2438 1523 2491 stratum
1567 2429 1771 2490 caedit.
1847 2429 1987 2508 quid
2032 2437 2225 2490 autem
2256 2430 2434 2509 Glyco
2466 2448 2582 2509 pu-

436 2516 595 2577 tabat
626 2516 1014 2595 Hermogenis
1044 2516 1254 2576 filicem
1285 2533 1548 2594 unquam
1580 2515 1804 2575 bonum
1837 2514 2056 2576 exitum
2087 2513 2413 2575 facturam?
2483 2515 2580 2575 ille
2625 2530 2686 2580 25

435 2601 611 2662 milvo
634 2601 853 2661 volanti
882 2608 1115 2679 poterat
1145 2619 1374 2679 ungues
1404 2617 1701 2673 resecare3
1734 2599 1976 2660 colubra
2006 2609 2223 2661 restem
2255 2618 2376 2659 non
2409 2600 2579 2679 parit.

437 2686 650 2765 Glyco,
695 2686 878 2766 Glyco
910 2684 1068 2745 dedit
1111 2702 1276 2759 suas3
1321 2685 1519 2763 itaque
1565 2684 1841 2762 quamdiu
1872 2685 2109 2758 vixerit,
2155 2684 2392 2745 habebit
2434 2685 2581 2764 stig-

435 2788 620 2843 mam,
654 2788 765 2830 nec
796 2769 949 2829 illam
985 2769 1097 2829 nisi
1130 2769 1318 2830 Orcus
1349 2769 1581 2830 delebit.
1642 2769 1741 2830 sed
1774 2769 1886 2830 sibi
1917 2770 2164 2848 quisque
2195 2779 2416 2848 peccat.
2477 2769 2581 2831 sed

434 2854 788 2926 subolsacio,
836 2854 993 2933 quod
1026 2853 1199 2914 nobis
1229 2854 1470 2933 epulum
1503 2855 1744 2915 daturus
1775 2863 1864 2915 est
1892 2854 2206 2915 Mammaea
2227 2900 2242 2928 ,
2274 2854 2447 2916 binos
2475 2856 2580 2915 de-

437 2940 636 3000 narios
667 2939 808 2999 mihi
838 2947 898 2999 et
928 2939 1090 2999 meis.
1153 2939 1305 3017 quod
1339 2938 1386 3000 si
1418 2940 1532 3000 hoc
1574 2939 1797 3012 fecerit,
1843 2939 2053 3019 eripiat
2080 2940 2357 3000 Norbano
2386 2947 2577 3000 totum
2625 2954 2687 3004 30

434 3025 709 3085 favorem.
768 3024 917 3085 scias
947 3032 1199 3102 oportet,
1231 3024 1420 3103 plenis
1451 3024 1590 3085 velis
1632 3025 1794 3088 hunc
1835 3024 2210 3086 vinciturum.
2270 3034 2328 3085 et
2357 3042 2578 3099 revera,

437 3109 577 3188 quid
621 3109 716 3170 ille
761 3109 934 3171 nobis
984 3109 1127 3169 boni
1174 3107 1352 3170 fecit?
1425 3109 1586 3170 dedit
1639 3110 1988 3188 gladiatores
2031 3109 2419 3170 sestertiarios
2463 3110 2577 3170 iam

435 3195 796 3273 decrepitoS,
844 3213 992 3273 quos
1026 3194 1075 3255 si
1119 3195 1443 3267 sufflasses‚
1489 3195 1871 3268 cecidissent;
1914 3194 2028 3255 iam
2058 3194 2333 3255 meliores
2362 3193 2577 3256 bestia-

433 3280 554 3341 rios
584 3280 716 3340 vidi.
776 3279 990 3340 occidit
1035 3278 1105 3339 de
1135 3279 1375 3340 lucerna
1418 3280 1676 3356 equiteS,
1721 3288 1958 3359 putares
1990 3298 2089 3339 eos
2119 3280 2301 3359 gallos
2330 3279 2574 3358 gallina-

435 3382 601 3438 ceos3
633 3365 779 3427 alter
806 3363 1181 3437 burdubasta,
1214 3364 1361 3424 alter
1388 3364 1627 3443 loripeS,
1658 3364 1952 3426 tertiarius
1976 3373 2244 3426 mortuus
2274 3383 2383 3443 pro
2415 3382 2573 3425 mor·
2619 3377 2681 3428 35

436 3459 568 3524 tuo,
631 3450 731 3528 qui
774 3448 1026 3510 habebat
1071 3450 1270 3511 nervia
1328 3451 1607 3527 praecisa.
1696 3468 1851 3511 unus
1894 3450 2139 3511 alicuius
2182 3451 2421 3510 flaturae
2467 3449 2577 3509 fuit

435 3534 696 3609 Thraex,
742 3535 843 3614 qui
888 3544 945 3595 et
989 3535 1114 3614 ipse
1160 3535 1230 3595 ad
1276 3534 1486 3595 dictata
1529 3536 1827 3613 pugnavit.
1902 3534 1970 3594 ad
2002 3553 2322 3608 summam,
2368 3553 2574 3596 omnes

433 3630 636 3697 postea
666 3620 809 3680 secti
840 3629 1008 3694 sunt;
1054 3621 1200 3681 adeo
1244 3620 1317 3680 de
1352 3637 1566 3697 magna
1609 3618 1779 3679 turba
1824 3619 2170 3680 “adhibete'’
2200 3629 2573 3699 acceperant,

432 3704 608 3783 plane
654 3705 825 3783 fugae
870 3722 1082 3764 merae.
1158 3710 1416 3765 “munus
1459 3704 1694 3765 tamen''
1724 3704 1918 3783 inquit
1946 3704 2090 3766 “tibi
2123 3704 2313 3778 dedi'’,
2358 3716 2417 3766 et
2461 3723 2571 3783 ego

431 3788 536 3848 tibi
568 3789 764 3868 plodo.
823 3798 1130 3868 computa,
1177 3800 1235 3850 et
1276 3788 1385 3850 tibi
1428 3790 1562 3868 plus
1606 3790 1680 3850 do
1727 3807 1901 3868 quam
1933 3790 2150 3869 accepi.
2210 3808 2421 3852 manus
2452 3807 2574 3851 ma-
2617 3802 2680 3854 40

603 3994 628 4043 1
671 3991 904 4043 ridebant
937 3994 995 4044 ut
1017 3991 1129 4056 diin
1158 3996 1185 4043 7
1224 3989 1456 4052 fortasse
1490 3997 1728 4058 saperent
1753 3990 1773 4057 ss
1802 3994 1863 4043 12
1890 3991 2023 4058 quod
2050 3991 2069 4059 ΙΙ
2097 3992 2160 4044 25
2198 3990 2357 4043 filiam
2396 3992 2571 4044 editor

427 4058 718 4110 Patavium
742 4059 763 4128 ΙΙ
789 4063 850 4112 27
888 4075 1009 4112 suos
1047 4059 1390 4127 Schefferusu
1417 4062 1483 4113 36
1520 4060 1673 4112 habet
1702 4058 1710 4126 Ι
1741 4063 1964 4112 staturae
2001 4060 2301 4123 Scheffems
