2881 4580
1128 290 1505 344 ΜΕΝῙΡΡΕΑΕ
2270 291 2390 352 199

1192 463 1324 524 vul
1353 462 1447 547 (8)

650 548 836 609 valete
868 556 927 609 et
955 566 1049 609 me
1082 549 1356 629 palmulis
1387 549 1703 628 producite
2439 559 2528 612 355

1162 648 1320 711 VIIII
1348 651 1480 729 (22)

650 733 823 796 Pacvi
853 734 1176 813 discipulus
1206 735 1404 809 dicor,
1438 755 1622 817 porro
1653 736 1703 799 is
1734 736 1844 798 fuit
1871 736 2048 809 Enni,
2440 746 2530 797 356

733 818 954 880 Enniu’
985 820 1321 884 Musarum:
1353 821 1680 904 Pompilius
1710 822 1914 883 clueor

1213 939 1264 999 X
1295 941 1425 1017 (15)

654 1023 973 1085 maerentis
1001 1032 1069 1085 ut
1100 1024 1336 1103 quietus
1365 1043 1434 1086 ac
1466 1024 1775 1087 demissior
1804 1025 2166 1105 probanduS,
2439 1036 2529 1088 357

649 1099 1002 1189 Ἀχιλλέως
1029 1102 1333 1194 ἡρωικάς,
1368 1106 1634 1186 ἰωνικὸς
1663 1107 1961 1176 κιναίδου

1208 1228 1285 1289 XI
1317 1231 1446 1304 (21)

654 1317 792 1391 equi
823 1312 1023 1374 colore
1053 1314 1317 1393 dispares
1346 1314 1488 1376 item
1521 1315 1644 1376 nati
2443 1323 2531 1375 358

652 1396 749 1458 hic
781 1396 1004 1472 badius,
1036 1398 1145 1460 iste
1176 1399 1381 1478 gilvus,
1412 1399 1509 1461 ille
1542 1399 1811 1461 murinus

1184 1517 1289 1578 XII
1319 1521 1449 1596 (16)

460 1599 695 1678 iurgare
726 1601 922 1682 coepit
950 1601 1185 1664 dicens:
2444 1611 2532 1662 359

653 1689 823 1764 ‘quae
868 1690 987 1748 scis
1029 1696 1206 1767 atque
1247 1689 1308 1750 in
1339 1689 1583 1767 vulgum
1614 1688 1815 1769 vulgas
1844 1691 2149 1767 artemque
2180 1705 2396 1768 expro-

739 1771 852 1832 mis
881 1771 1155 1834 inertem’

460 1949 600 2001 tuus
628 1950 825 2002 autem
858 1940 986 2021 ipse
1015 1857 1483 2004 ΐνᾶῑοιῗζὲιίὲέέἰιὸιζ
1513 1943 1624 2004 fuit
1653 1942 2040 2004 Aristoxenus
2444 1951 2532 2003 360

461 2161 677 2223 nempe
729 2164 865 2206 sues
915 2060 1665 2208 silvatico{lild(312{1tibus
1708 2146 1953 2207 sectaris
1980 2144 2272 2207 venabulo
2304 2153 2406 2206 aut
2444 2155 2532 2206 361

250 2246 488 2303 cervos,
521 2229 622 2308 qui
653 2228 759 2292 tibi
791 2229 926 2292 mali
960 2230 1108 2293 nihil
1137 2232 1428 2305 fecerunt,
1462 2230 1715 2293 verutis:
1760 2249 1793 2293 a
1822 2238 2008 2293 artem
2040 2231 2400 2312 praeclaram

461 2433 720 2513 primum
750 2452 876 2495 eam
910 2454 1036 2497 esse
1066 2436 1370 2517 physicen,
1403 2436 1564 2514 quod
1595 2436 1672 2498 sit
1704 2431 1998 2520 ἔμφυτος
2019 2444 2086 2496 ut
2115 2436 2241 2515 ipsa
2271 2453 2400 2510 vox,
2444 2445 2533 2497 362

253 2517 407 2580 basis
439 2518 566 2580 eius

1183 2604 1308 2666 XVI
1340 2606 1470 2683 (10)

459 2689 734 2754 homines
764 2689 1017 2751 rusticos
1047 2690 1108 2751 in
1139 2691 1427 2752 vindemia
1477 2689 1778 2751 incondita
1824 2698 2096 2764 cantare,
2145 2689 2405 2752 sarcina·
2448 2701 2533 2752 363

250 2774 428 2836 trices
458 2774 517 2835 in
552 2773 837 2835 machinis

1167 2860 1324 2921 XVII
1356 2862 1484 2938 (11)

467 2962 586 3004 non
618 2943 810 3005 vidisti
842 2944 1225 3007 simulacrum
1257 2945 1448 3007 leonis
1479 2945 1552 3006 ad
1582 2945 1740 3006 Idam
1774 2963 1845 3006 eo
1877 2945 2028 3018 loco,
2065 2944 2167 3005 ubi
2210 2963 2407 3024 quon·
2449 2956 2538 3007 ³64

251 3029 384 3090 dam
414 3028 612 3090 subito
644 3048 778 3090 eum
811 3048 944 3090 cum
977 3030 1257 3092 vidissent
1288 3031 1730 3110 quadrupedem
1762 3030 1897 3111 galli
1929 3030 2225 3111 tympanis
2255 3029 2399 3091 adeo

252 3115 526 3176 fecerunt
555 3132 884 3188 mansuem,
918 3122 985 3176 ut
1011 3124 1334 3177 tractarent
1357 3114 1674 3178 manibus?

465 3336 643 3398 saepe
674 3318 853 3380 totius
885 3317 1094 3379 theatri
1124 3233 1525 3380 tffiiti'gl‘lzrsstbzpo
1549 3318 1841 3381 flectendo
1865 3318 2212 3380 commutari
2235 3336 2404 3379 men·
2445 3328 2534 3380 365

251 3413 356 3479 tes,
389 3404 537 3483 erigi
566 3403 796 3465 animos
827 3420 1034 3464 eorum

420 3590 521 3642 355
556 3587 624 3642 Ν.
654 3604 709 3654 p.
747 3590 846 3641 372
882 3586 1165 3655 producere
1199 3588 1404 3652 longius
1440 3587 1626 3641 ducere
1672 3585 1683 3655 Ι
1731 3602 1913 3654 meque
1952 3587 2200 3651 Scaliger
2238 3585 2249 3652 Ι
2305 3589 2406 3641 356

249 3656 317 3710 Ν.
346 3673 406 3723 p.
444 3659 507 3710 87
546 3656 684 3710 cluet
730 3654 741 3724 Ι
771 3654 1026 3708 Pacuvius
1065 3655 1086 3725 ΙΙ
1132 3659 1230 3710 357
1266 3656 1335 3709 Ν.
1365 3673 1420 3723 p.
1457 3661 1489 3711 5
1526 3655 1725 3708 cinaedi
1773 3656 1782 3719 Ι
1834 3655 2100 3707 demissior
2135 3659 2245 3707 troc
2285 3670 2406 3708 aeus

248 3726 629 3777 Laelzmannus
664 3724 956 3790 aliquando
980 3723 1000 3791 ΙΙ
1028 3726 1126 3777 358
1161 3724 1231 3777 Ν.
1259 3741 1316 3791 p.
1355 3727 1419 3777 80
1456 3724 1639 3776 badius
1672 3723 1693 3791 11
1731 3726 1830 3778 359
1864 3723 1933 3776 Ν.
1963 3740 2021 3790 p.
2062 3725 2158 3777 182
2192 3723 2405 3790 vulgare

248 3799 302 3845 et
327 3810 387 3860 p.
425 3795 526 3846 230
563 3792 747 3859 vulgus
777 3796 787 3859 Ι
818 3807 950 3860 quae
987 3793 1114 3845 sacis
1145 3810 1199 3859 p.
1237 3795 1335 3846 230
1377 3792 1398 3860 fl
1443 3795 1542 3846 360
1578 3790 1648 3844 Ν.
1675 3806 1733 3858 p.
1770 3794 1834 3845 93
1872 3792 2115 3844 cibarium
2155 3790 2164 3859 Ι
2202 3794 2298 3846 361
2336 3790 2405 3844 Ν.

247 3878 300 3928 p.
339 3865 439 3915 555
475 3860 785 3914 venabulum
822 3864 875 3911 et
903 3877 958 3927 p.
994 3863 1095 3914 554
1127 3865 1363 3913 verutum
1404 3862 1414 3927 Ι
1455 3862 1521 3913 ab
1557 3860 1643 3911 vel
1674 3860 1738 3913 ad
1772 3865 1932 3913 artem
1966 3860 2112 3928 {1362
2204 3898 2217 3912 .
2245 3877 2303 3927 p.
2341 3863 2406 3913 79

250 3929 407 3983 basis.
479 3931 758 3996 legebatur
791 3932 853 3980 in
885 3934 1073 3981 satura
1108 3933 1233 3981 ante
1266 3927 1341 3990 fr.
1377 3931 1477 3983 358
1516 3927 1537 3996 fl
1573 3929 1673 3982 363
1708 3928 1777 3981 Ν.
1808 3945 1862 3994 p.
1899 3931 1965 3982 56
2000 3926 2354 3981 sarcinatrices
2384 3927 2407 3994 fl

254 4001 354 4052 364
388 3997 457 4052 Ν.
486 4014 544 4064 p.
582 3999 681 4050 483
720 4012 957 4050 mansues
987 3995 998 4066 Ι
1029 4001 1360 4050 retractarent
1397 3997 1570 4049 codex
1605 4014 1635 4049 ο
1675 3999 1837 4048 timus
1869 3997 1890 4065 ΙΙ
1926 3999 2028 4050 365
2065 3996 2132 4048 Ν.
2166 4014 2218 4063 p.
2258 4000 2285 4048 7
2324 3995 2410 4047 fri-

253 4081 374 4133 gere
405 4069 413 4133 Ι
444 4066 677 4119 tibicinio
700 4064 978 4117 Madvieus
1007 4067 1016 4134 Ι
1048 4071 1361 4117 commutare
1391 4068 1399 4133 Ι
1432 4065 1550 4132 frigi
1640 4069 1795 4117 onius
