2881 4580
1225 318 1506 373 SA'nRAE
2306 322 2387 382 89

151 498 229 549 Lo
313 492 520 553 invitas
549 510 645 553 me
676 492 836 552 serre
867 509 1096 552 manus.
1156 492 1258 555 sed
1290 492 1535 553 vulnere
1564 510 1767 572 cogor,

312 577 518 657 pulsus
548 576 622 637 ab
653 577 803 637 urbe
834 594 981 649 mea,
1004 576 1146 638 dum
1168 576 1444 639 Rhenum
1469 578 1759 656 sanguine
1787 580 2017 660 tinguo,
2306 592 2390 642 160

312 663 449 723 dum
483 661 683 724 Gallos
712 661 928 722 iterum
959 660 1242 741 Capitolia
1274 670 1478 724 nostra
1509 672 1782 743 petentes

312 746 559 827 Alpibus
591 746 861 820 excludo,
896 746 1188 807 vincendo
1218 748 1444 809 certior
1474 748 1630 810 exul.

312 830 603 910 sanguine
633 831 932 892 Germano
963 832 1387 912 sexagintaque
1417 833 1737 912 triumphis

314 936 439 979 esse
471 935 702 979 nocens
731 916 921 997 coepi.
982 935 1319 996 quanquam
1353 936 1506 996 quos
1535 918 1723 998 gloria
1750 927 1954 993 terret,

314 1012 410 1063 aut
440 1002 544 1080 qui
574 1010 717 1062 sunt
744 1002 847 1080 qui
875 1001 1031 1062 bella
1058 1000 1305 1063 vident?
1335 1002 1712 1065 mercedibus
1742 1012 1975 1084 emptae
2303 1014 2387 1065 105

315 1105 380 1148 30
410 1086 554 1148 viles
585 1104 822 1165 operae,
854 1104 1110 1164 quorum
1141 1096 1231 1148 est
1261 1106 1389 1148 mea
1419 1087 1607 1149 Roma
1639 1106 1912 1151 noverca.

315 1182 371 1233 at
400 1190 559 1244 reor,
591 1171 746 1232 haud
777 1172 1042 1251 impune,
1073 1190 1187 1233 nec
1214 1172 1370 1233 hanc
1399 1173 1531 1234 sine
1561 1173 1790 1236 vindice
1820 1174 2081 1236 dextram

316 1256 532 1317 vinciet
562 1256 827 1336 ignavus.
887 1256 1141 1317 victores
1171 1257 1250 1317 ite
1279 1258 1572 1327 furentes,

317 1342 393 1403 ite
423 1341 540 1403 mei
572 1341 838 1415 comites,
871 1351 933 1402 et
961 1359 1199 1403 causam
1230 1341 1405 1403 dicite
1434 1343 1616 1403 ferro.

320 1444 575 1505 namque
607 1444 817 1489 omnes
848 1443 1035 1487 unum
1064 1427 1293 1487 crimen
1316 1435 1504 1497 vocat,
1536 1426 1815 1489 omnibus
1844 1446 1963 1488 una
2306 1438 2391 1489 170

323 1510 629 1590 impendet
659 1512 871 1573 clades.
931 1510 1229 1572 reddenda
1261 1520 1351 1573 est
1380 1511 1568 1591 gratia
1596 1511 1783 1587 vobis,

318 1615 438 1657 non
470 1596 634 1658 solus
662 1596 793 1657 vici.
854 1614 1057 1675 quare,
1089 1597 1224 1675 quia
1254 1614 1448 1675 poena
1479 1598 1739 1677 tropaeis

317 1681 587 1742 imminet
614 1688 674 1742 et
701 1681 908 1743 sordes
936 1680 1156 1742 meruit
1183 1681 1425 1742 victoria
1458 1692 1678 1757 nostra,

316 1765 508 1827 iudice
540 1764 809 1828 Fortuna
837 1765 1007 1828 cadat
1036 1765 1180 1827 alea.
1238 1766 1453 1827 sumite
1483 1765 1703 1828 bellum

317 1862 375 1912 et
402 1858 689 1930 temptate
719 1868 948 1913 manus.
1006 1859 1167 1912 certe
1194 1869 1325 1912 mea
1354 1870 1531 1913 causa
1562 1862 1801 1931 peracta
1832 1861 1951 1914 est:
2306 1862 2391 1913 175

317 1936 472 1997 inter
500 1944 592 1996 tot
621 1937 803 1997 fortes
832 1944 1091 1997 armatus
1121 1936 1323 1998 nescio
1356 1936 1571 1997 vinci.''

401 2021 549 2082 11300
580 2020 683 2081 ubi
713 2020 1043 2099 personuit,
1073 2021 1146 2082 de
1177 2021 1339 2082 caelo
1371 2021 1694 2100 Delphicus
1723 2021 1845 2083 ales

319 2105 516 2166 omina
544 2105 696 2166 laeta
725 2105 885 2166 dedit
910 2105 1258 2185 pepulitque
1287 2106 1581 2168 meatibus
1609 2124 1801 2167 auras.

318 2208 429 2252 nec
460 2208 585 2251 non
617 2190 901 2251 horrendi
933 2191 1196 2252 nemoris
1225 2191 1298 2252 de
1329 2200 1496 2270 parte
1525 2191 1763 2252 sinistra

317 2274 588 2337 insolitae
616 2294 792 2337 voces
819 2275 1051 2337 flamma
1081 2294 1340 2338 sonuere
1366 2275 1659 2355 sequenti.
2309 2282 2394 2336 180

321 2361 446 2441 ipse
476 2361 641 2423 nitor
669 2360 892 2422 Phoebi
927 2361 1158 2440 vulgato
1189 2360 1399 2422 laetior
1428 2361 1576 2421 orbe

321 2446 502 2507 crevit
529 2455 589 2507 et
617 2454 823 2507 aurato
846 2446 1181 2527 praecinxit
1207 2445 1444 2525 fulgure
1467 2445 1677 2507 vultus.

319 2530 531 2591 fortior
560 2528 860 2592 ominibus
891 2530 1073 2592 movit
1099 2530 1376 2592 Mavortia
1405 2529 1575 2609 signa
2440 2534 2560 2597 123

322 2615 533 2677 Caesar
562 2623 622 2676 et
649 2615 922 2677 insolitos
951 2634 1161 2694 gressu
1191 2614 1358 2696 prior
1387 2622 1642 2694 occupat
1668 2632 1867 2676 ausus.

319 2700 508 2780 prima
538 2700 776 2779 quidem
806 2700 1025 2781 glacies
1054 2710 1114 2762 et
1138 2718 1284 2762 cana
1314 2701 1511 2761 vincta
1542 2699 1758 2780 pruina
2309 2710 2394 2761 185

323 2803 442 2845 non
475 2785 759 2866 pugnavit
784 2785 1001 2847 humus
1031 2786 1278 2864 mitique
1307 2786 1561 2847 horrore
1591 2785 1832 2864 quievit.

321 2870 422 2932 sed
452 2878 767 2950 postquam
795 2880 1027 2932 turmae
1058 2870 1294 2932 nimbos
1323 2871 1557 2950 fregere
1586 2870 1796 2949 ligatos

323 2965 380 3015 et
408 2954 654 3035 pavidus
685 2955 1023 3035 quadrupes
1052 2954 1348 3017 undarum
1376 2956 1611 3016 vincula
1642 2955 1821 3035 rupit,

323 3039 623 3100 incaluere
654 3041 838 3102 nives.
897 3058 1033 3101 mox
1063 3040 1307 3101 flumina
1338 3039 1644 3102 montibus
1672 3039 1803 3101 altis

324 3123 631 3186 undabant
657 3124 834 3185 modo
867 3133 1022 3199 nata,
1052 3123 1156 3187 sed
1186 3125 1332 3186 11300
1363 3143 1605 3203 quoque
1626 3158 1709 3169 —-
1734 3124 1892 3187 10333
1922 3134 2162 3204 putares
2182 3161 2262 3172 -
2310 3137 2395 3187 190

326 3209 580 3284 stabant,
612 3219 672 3270 et
702 3208 1143 3271 ν1110131100103
1171 3219 1454 3288 stupuere
1484 3208 1679 3283 ruina,

329 3302 388 3354 et
417 3294 596 3373 paulo
626 3303 764 3356 ante
795 3294 923 3356 lues
956 3294 1069 3355 iam
1101 3293 1469 3356 concidenda
1502 3295 1746 3356 iacebat.

323 3386 446 3439 tum
482 3397 622 3442 vero
651 3379 805 3440 male
835 3380 949 3440 fida
981 3379 1148 3459 prius
1169 3378 1407 3459 vestigia
1438 3379 1580 3441 lusit
1767 3430 1771 3433 .

321 3463 675 3544 decepitque
705 3463 921 3543 pedes;
953 3464 1178 3543 pariter
1205 3471 1555 3544 turmaeque
1584 3463 1813 3541 virique

322 3566 605 3628 armaque
636 3558 917 3630 congesta
945 3557 1109 3610 strue
1139 3548 1446 3628 deplorata
1474 3548 1765 3610 iacebant.
2310 3557 2395 3609 195

323 3651 462 3695 0000
494 3634 670 3694 0113111
699 3634 889 3714 rigido
921 3651 1247 3695 concussae
1277 3634 1515 3695 flamine
1546 3632 1740 3694 nubes

327 3719 824 3793 exonerabantur,
857 3737 971 3780 nec
1001 3718 1161 3798 rupti
1192 3717 1435 3779 turbine
1467 3719 1625 3779 venti

323 3803 535 3864 derant
563 3812 666 3864 aut
691 3803 914 3864 tumida
945 3804 1318 3865 confractum
1347 3802 1639 3883 grandine
1671 3801 1920 3863 caelum.

409 3939 508 3989 160
544 3936 695 3988 vinco
737 3936 759 4003 ΙΙ
803 3938 901 3990 165
938 3937 1075 3989 cient
1106 3935 1352 3987 aculeius
1392 3934 1414 4004 fl
1458 3937 1552 3989 167
1590 3939 1649 3987 01
1681 3950 1795 3987 reor
1820 3936 1840 4002 ΙΙ
1870 3937 1966 3989 168
2002 3936 2269 4003 ferentes!
2300 3939 2396 3990 170

241 4008 381 4056 notat
416 4004 751 4056 Schrader-us
777 4006 798 4069 ΙΙ
824 4007 923 4058 184
957 4004 1167 4057 10301110
1198 4007 1207 4069 Ι
1238 4005 1454 4056 11303103
1492 4004 1533 4054 0
1560 4003 1580 4072 ΙΙ
1607 4006 1703 4058 188
1739 4003 1981 4070 gravidus
2020 4002 2391 4071 Schrader-usu

247 4072 332 4127 191
373 4072 554 4140 pruina
581 4072 601 4139 ΙΙ
631 4075 722 4126 197
761 4077 913 4139 rupto
948 4073 1283 4124 Monacensis
1307 4073 1327 4139 ΙΙ
1356 4073 1455 4125 198
1492 4076 1811 4126 contractum
1848 4071 2185 4124 Schrader-uc
