2881 4580
1130 311 1505 365 MENIPPEAE
1811 311 1818 316 ’
2266 315 2389 377 213

1150 484 1306 546 ΧΧΙΙ
1365 497 1418 512 ”’

454 585 552 663 qui
583 603 645 648 se
678 585 737 644 in
770 603 1023 666 ganeum
1056 488 1664 650 accensuriizegniecit
1693 590 1911 651 amicae

1140 703 1327 765 XXlll
1358 708 1491 784 (20)

2439 602 2525 660 481

456 804 591 882 quid
639 805 796 865 enim
845 816 933 866 est
978 807 1134 884 quod
1180 807 1358 867 homo
1407 810 1699 871 masculus
1730 809 2033 872 lubentius
2062 811 2258 872 videre
2288 812 2389 873 de·
2432 822 2521 875 482

234 888 376 951 beat
408 888 559 951 bella
590 888 822 950 uxore?

1126 976 1338 1039 xxlln
1372 978 1505 1058 (24)

452 1095 631 1138 unam
672 1078 820 1137 viam
855 1078 1093 1139 Zenona
1139 1077 1400 1142 munisse
1433 1082 1582 1143 duce
1612 1083 1859 1156 virtute,
1913 1084 2065 1145 hano
2119 1105 2244 1146 esse
2279 1106 2387 1148 no·
2431 1093 2522 1147 483

236 1162 436 1222 bilem.
498 1162 737 1222 alteram
769 1162 1127 1224 Carneadem
1160 1165 1539 1228 desubulasse
1570 1168 1726 1229 bona
1758 1170 2026 1248 corporis
2056 1181 2321 1232 secutum

1154 1283 1307 1343 XXV
1346 1286 1476 1363 (25)

453 1383 693 1443 alteram
726 1383 876 1444 viam
909 1386 1267 1461 deformasse
1313 1387 1673 1448 Carneadem
1720 1390 1949 1450 virtutis
1980 1409 2011 1451 e
2044 1392 2211 1469 cupis
2242 1393 2394 1453 acris
2436 1401 2530 1464 484

235 1467 390 1550 aceti

1133 1602 1489 1657 SEXAGESIS

645 1844 679 1884 o
711 1825 888 1885 stulta
922 1827 1104 1887 nostri
1141 1828 1397 1905 pectoris
1427 1828 1706 1889 dormitio

642 1909 967 1989 vigilabilis‚
1002 1929 1150 1989 quae
1181 1931 1275 1972 me
1306 1912 1570 1991 puellum
1602 1913 1970 1993 impuberem

644 1995 851 2074 cepisti

1206 2082 1260 2141 ll
1289 2082 1422 2157 (13)

645 2182 800 2242 adest
830 2183 993 2243 adest
1023 2184 1146 2242 saxs
1176 2183 1435 2250 involuta
1468 2185 1744 2246 incendio

1192 2302 1270 2362 111
1535 2343 1541 2349 -

644 2402 918 2482 sensibus
949 2381 1157 2464 crassis
1188 2305 1434 2465 houiffii
1467 2410 1587 2465 non
1620 2398 1871 2467 videmu’
1903 2407 2041 2484 quid
2078 2405 2220 2467 fiat?

1176 2522 1282 2583 1111
1314 2519 1450 2603 (11)

651 2627 792 2702 ergo
824 2634 950 2684 tum
982 2624 1201 2685 Romae
1232 2643 1409 2704 parce
1440 2644 1711 2705 pureque
1741 2624 2018 2706 pudentis

727 2709 941 2782 vixere,
975 2728 1048 2770 en
1082 2710 1353 2789 patriam,
1386 2730 1551 2772 nunc
1581 2730 1786 2772 sumus
1816 2711 1875 2771 in
1908 2710 2124 2772 rutuba

1206 2829 1250 2887 V
1284 2831 1412 2906 (21)

2435 2198 2525 2251 486

2427 2420 2526 2484 ,487

2434 2640 2527 2693 ’488

644 2932 839 3007 neque
881 2947 993 3007 qua
1026 2931 1370 3010 vagipennis
1412 2936 1617 2994 anates
1646 2931 1976 3011 remipedes
2004 2931 2393 3003 buxeirestris
2436 2945 2526 2996 489

728 3015 986 3093 pecudes
1029 3009 1343 3093 paludibiis
1388 3012 1566 3079 nocte
1611 3017 1777 3097 nigra
1811 3018 1880 3078 ad
1914 3017 2136 3078 lumina
2165 3018 2396 3098 lampa-

727 3099 815 3160 dis
846 3100 1127 3177 sequeris·

404 3269 498 3320 481
552 3265 620 3318 Ν.
650 3282 708 3332 p.
747 3268 845 3319 208
892 3281 1111 3332 ganeum
1155 3267 1175 3334 ΙΙ
1220 3270 1318 3320 482
1357 3268 1425 3320 Ν.
1460 3285 1514 3335 p.
1552 3270 1652 3322 248
1689 3268 1879 3321 bellum
1922 3269 1943 3336 ΙΙ
1985 3271 2086 3322 483
2131 3268 2198 3321 Ν.
2232 3285 2287 3333 p.
2324 3272 2390 3322 99

234 3333 540 3386 desubulare
590 3335 599 3402 Ι
650 3334 982 3387 desubulasse
1021 3334 1269 3400 Scaliger
1303 3339 1412 3387 vim
1448 3339 1596 3388 verbi
1629 3341 1773 3387 recte
1807 3337 2089 3389 adsecutus
2128 3337 2147 3403 ΙΙ
2184 3340 2285 3390 484
2320 3337 2390 3390 Ν.

271 3440 284 3454 .
323 3405 387 3457 83
427 3418 487 3454 cu
528 3418 586 3454 as

228 3419 267 3468 P
405 3418 608 3525 485PN.
637 3486 699 3536 p.
741 3473 836 3523 100
875 3469 1116 3522 dormitio
1152 3476 1203 3521 et
1234 3488 1290 3537 p.
1318 3473 1417 3525 158
1454 3471 1655 3538 puellos
1694 3473 1838 3537 11486
1873 3472 1943 3524 Ν.
1978 3489 2030 3539 p.
2061 3474 2157 3527 112
2193 3472 2305 3525 faxs
2341 3477 2396 3523 et

230 3554 283 3604 p.
323 3540 424 3592 328
460 3539 767 3591 involutum.
833 3542 994 3604 prius
1027 3538 1175 3591 adest
1211 3543 1431 3590 accessit
1467 3556 1536 3591 ex
1571 3541 1718 3592 Enni
1750 3541 1908 3607 'quem
1928 3540 2108 3593 Varro
2144 3543 2396 3592 imitatur

230 3623 387 3658 versu
414 3605 556 3673 11487
595 3606 663 3659 Ν.
690 3623 748 3673 p.
787 3608 852 3661 86
891 3621 1115 3658 crassum
1159 3607 1170 3673 Ι
1214 3608 1425 3659 senibus
1461 3609 1648 3661 crassis
1685 3608 1880 3661 homuli
1916 3609 2025 3672 (vel,
2053 3609 2251 3674 humili)
2287 3625 2392 3661 non

228 3674 469 3727 vidimus,
543 3677 857 3741 legebantur
911 3676 1043 3729 liaeo
1095 3678 1155 3727 in
1207 3680 1395 3727 satura
1447 3682 1570 3742 post
1611 3675 1688 3736 fr.
1723 3680 1842 3741 494,
1876 3680 2060 3743 itaque
2095 3678 2282 3729 dubito
2317 3695 2391 3730 an

229 3741 434 3796 Romuli
472 3743 789 3794 mutandum
822 3746 910 3807 sit,
947 3747 1128 3795 cetera
1155 3744 1539 3807 conservanda,
1573 3749 1801 3795 metrum
1838 3747 2122 3796 iambicum
2155 3751 2392 3798 statuen-

230 3811 356 3862 dum
393 3816 491 3862 aut
521 3812 730 3862 nullum
772 3811 791 3879 ΙΙ
834 3813 934 3867 488
969 3808 1039 3864 Ν.
1067 3828 1125 3876 p.
1164 3813 1259 3864 167
1297 3812 1483 3864 rutuba
1517 3813 1540 3879 ·Ι
1588 3813 1762 3864 vivere
1810 3813 1891 3878 in,
1938 3813 2081 3865 unde
2128 3815 2180 3864 in
2223 3815 2386 3881 patria

233 3879 546 3931 Guilielmus
587 3879 607 3948 11
651 3881 750 3933 489
798 3879 869 3934 Ν.
901 3895 958 3945 p.
997 3881 1097 3933 460
1150 3879 1389 3945 pecudes,
1458 3885 1689 3946 systema
1742 3885 1863 3932 erat
1912 3884 2219 3933 ionicorum
2271 3899 2390 3935 eum

227 3948 525 4008 minimum
548 3949 727 4003 docem
758 3950 766 4011 Ι
798 3963 965 4017 neque
1001 3962 1132 4016 quas
1158 3948 1425 4014 agipennis
1452 3953 1548 3999 aut
1582 3948 1909 4017 aquipennisx
1951 3950 2390 4018 quassagipennas

229 4016 528 4068 Palmarim
559 4016 567 4084 Ι
600 4016 909 4082 tremipedas
947 4018 1037 4082 (σω
1054 4017 1297 4067 Ausonio
1334 4015 1621 4083 remipedes
1651 4016 1931 4084 Gesner-us)
1958 4017 2138 4070 buxeis
2171 4018 2384 4086 rostris}

229 4098 451 4151 sequens
