2881 4580
505 301 586 362 22
1406 300 1709 354 PETRONII

501 474 754 556 experiri
784 475 959 548 volui,
990 492 1063 534 an
1096 483 1218 535 tota
1246 474 1771 544 familia‘cantaret,
1808 473 2002 551 itaque
2032 472 2333 551 potionem
2364 472 2631 551 poposci.
2646 478 2748 530 HL-

500 559 902 640 paratissimus
945 577 1095 638 puer
1127 579 1244 620 non
1278 560 1476 621 minus
1505 578 1599 619 me
1630 559 1794 620 acido
1824 558 2056 620 cantico
2088 557 2347 637 excepit,
2381 566 2439 617 et
2469 557 2631 636 quis-

501 645 633 724 quis
663 644 879 723 aliquid
913 653 1150 723 rogatus
1180 654 1303 705 erat
1334 655 1398 705 ut
1427 644 1593 704 daret
1996 642 2341 723 pantomimi
2372 641 2639 714 chorum,

499 749 624 792 non
670 730 854 809 patris
895 729 1144 790 familiae
1187 729 1508 791 triclinium
1538 729 1830 791 crederes.
1889 728 2058 789 allata
2092 737 2181 789 est
2208 737 2405 788 tamen
2437 736 2636 805 gusta-

498 816 582 877 tio
641 815 804 875 valde
861 814 1048 887 lauta;
1105 832 1239 875 nam
1294 815 1408 874 iam
1470 828 1675 875 omnes
1717 814 2136 875 discubuerant
2176 821 2414 893 praeter
2443 812 2637 891 ipsum
2683 823 2712 872 5

500 899 1026 971 Trimalchionem,
1073 899 1167 959 cui
1211 900 1374 961 locus
1418 918 1572 960 novo
1603 917 1768 960 more
1799 899 2026 978 primus
2056 896 2415 960 servabatur.
2477 906 2637 959 cete-

499 1003 630 1046 rum
694 985 850 1045 inter
900 984 1343 1064 promulsidaria
1389 984 1602 1046 asellus
1647 993 1769 1044 erat
1815 983 2153 1045 Corinthius
2198 1001 2335 1045 cum
2379 981 2636 1044 bisaccio

497 1071 747 1149 positus,
780 1070 880 1149 qui
912 1068 1165 1130 habebat
1195 1070 1369 1131 olivas
1399 1070 1458 1130 in
1493 1069 1673 1130 altera
1703 1077 1871 1149 parte
1899 1067 2077 1140 albas,
2109 1069 2171 1128 in
2202 1069 2380 1129 altera
2416 1068 2634 1146 nigras.

497 1154 777 1233 tegebant
832 1154 1074 1215 asellum
1119 1154 1265 1214 duae
1320 1155 1545 1226 lances,
1604 1155 1665 1215 in
1713 1171 1960 1232 quarum
2005 1153 2372 1231 marginibus
2415 1171 2634 1214 nomen

498 1239 948 1301 Trimalchionis
991 1239 1339 1318 inscriptum
1384 1248 1510 1300 erat
1553 1247 1611 1300 et
1654 1239 1885 1317 argenti
1916 1239 2168 1318 pondus.
2228 1238 2516 1317 ponticuli
2549 1248 2636 1299 et·
2683 1245 2740 1297 10

498 1324 612 1385 iam
671 1324 1038 1386 ferruminati
1088 1324 1461 1386 sustinebant
1502 1324 1679 1404 glires
1723 1322 1895 1384 melle
1939 1340 2005 1385 ac
2050 1342 2338 1402 papavere
2381 1341 2635 1402 sparsos.

494 1411 740 1471 fuerunt
803 1419 861 1471 et
930 1409 1223 1470 tomacula
1289 1427 1468 1489 super
1541 1409 1879 1470 craticulam
1948 1417 2285 1487 argenteam
2352 1409 2635 1470 ferventia

494 1494 714 1573 posita,
775 1503 835 1555 et
887 1495 1038 1555 infra
1097 1495 1433 1555 craticulam
1479 1494 1714 1574 Syriaca
1766 1511 1958 1573 pruna
2004 1512 2134 1554 cum
2180 1493 2381 1573 granis
2424 1493 2635 1555 Punici

496 1580 652 1641 mali.
1381 1627 1387 1633 -

393 1666 474 1728 32
665 1666 724 1726 in
757 1665 846 1726 his
876 1683 1110 1726 eramus
1137 1663 1397 1738 lautitiis,
1421 1681 1556 1723 cum
1586 1663 1711 1743 ipse
1742 1663 2091 1724 Trimalchio
2124 1662 2195 1723 ad
2225 1663 2632 1743 symphoniam
2681 1669 2735 1722 15

493 1748 702 1811 allatus
744 1759 832 1810 est
876 1749 1222 1830 positusque
1265 1748 1422 1809 inter
1453 1748 1753 1809 cervicalia
1784 1749 2170 1810 munitissima
2203 1748 2493 1828 expressit
2520 1749 2632 1810 im-

490 1834 882 1912 prudentibus
940 1833 1142 1895 risum.
1201 1832 1377 1912 pallio
1442 1834 1597 1894 enim
1657 1834 1935 1894 coccineo
1989 1833 2256 1895 adrasum
2304 1833 2632 1895 excluserat

491 1927 670 1998 caput
727 1919 1001 1998 circaque
1059 1927 1330 1979 oneratas
1383 1927 1543 1979 veste
1598 1919 1858 1979 cervices
1911 1919 2251 1980 laticlaviam
2311 1919 2630 1979 immiserat

490 2021 762 2083 mappam
808 2004 1053 2065 fimbriis
1097 2003 1237 2064 hinc
1282 2012 1457 2082 atque
1502 2003 1664 2065 illinc
1694 2003 2108 2083 pendentibus.
2170 2003 2420 2064 habebat
2448 2004 2625 2065 etiam

489 2087 550 2148 in
598 2089 846 2149 minimo
883 2088 1064 2168 digito
1095 2088 1365 2149 sinistrae
1398 2102 1608 2149 manus
1639 2088 1878 2150 anulum
1911 2089 2192 2167 grandem
2223 2088 2625 2162 subauratum,
2671 2093 2728 2144 20

490 2182 752 2234 extremo
796 2193 933 2235 vero
978 2174 1224 2234 articulo
1270 2174 1452 2252 digiti.
1479 2174 1780 2252 sequentis
1822 2174 2140 2248 minorem,
2187 2183 2253 2235 ut
2293 2174 2435 2234 mihi
2467 2174 2625 2235 vide-

486 2257 694 2333 batur,
740 2268 930 2321 totum
973 2260 1244 2332 aureum',
1290 2259 1390 2321 sed
1436 2259 1615 2339 plane
1660 2259 1869 2321 ferreis
1911 2258 2089 2321 veluti
2131 2259 2313 2321 stellis
2351 2259 2625 2321 ferrumi—

490 2353 713 2405 natum.
774 2353 834 2406 et
878 2365 954 2407 ne
983 2345 1089 2406 has
1130 2354 1361 2406 tantum
1409 2346 1747 2406 ostenderet
1790 2344 2043 2417 divitias,
2089 2343 2356 2405 dextrum
2390 2344 2627 2406 nudavit

489 2429 773 2491 lacertum
817 2430 1039 2491 armilla
1084 2449 1258 2491 aurea
1306 2430 1530 2491 cultum
1574 2438 1633 2490 et
1676 2430 1893 2490 eboreo
1924 2430 2145 2490 circulo
2176 2430 2391 2490 lamina
2420 2428 2626 2509 splen-

391 2516 470 2579 33
492 2514 668 2576 dente
699 2534 947 2576 conexo.
1007 2524 1076 2575 ut
1104 2514 1314 2576 deinde
1347 2515 1529 2594 pinna
1561 2524 1835 2593 argentea
1866 2513 2072 2575 dentes
2101 2515 2384 2593 perfodit,
2416 2515 2624 2576 ‘amici’
2669 2514 2724 2566 25

489 2600 684 2678 inquit
714 2600 999 2662 ‘nondum
1032 2600 1171 2660 mihi
1201 2618 1375 2660 suave
1406 2608 1530 2660 erat
1559 2600 1618 2660 in
1651 2599 1971 2660 triclinium
2001 2600 2222 2674 venire,
2250 2599 2353 2661 sed
2385 2619 2462 2661 ne
2491 2600 2623 2661 diu—

487 2684 606 2746 tius
658 2685 991 2746 absentivos
1049 2702 1247 2744 morae
1299 2684 1484 2744 vobis·
1523 2702 1742 2757 essem,
1796 2703 2032 2745 omnem
2078 2684 2436 2764 voluptatem
2480 2685 2624 2746 mihi

390 2771 396 2778 ’
488 2770 713 2847 negavi.
772 2769 1124 2848 permittetis
1166 2778 1361 2830 tamen
1408 2769 1564 2829 finiri
1609 2769 1839 2831 lusum.'
1899 2769 2257 2847 sequebatur
2298 2789 2448 2849 puer
2487 2788 2621 2831 cum

488 2853 686 2914 tabula
730 2854 1126 2914 terebinthina
1173 2862 1231 2914 et
1275 2853 1622 2934 crystallinis
1665 2855 1918 2927 tesseriS,
1967 2855 2281 2935 notavique
2328 2874 2454 2916 rem
2492 2873 2621 2916 om—

489 2938 653 2999 nium
700 2938 1351 3019 delicatissimam.spr0
1395 2938 1634 3000 calculis
1678 2940 1836 3000 enim
1882 2938 2027 3001 albis
2071 2958 2138 3000 ac
2184 2940 2367 3017 nigris
2410 2959 2623 3002 aureos
2664 2956 2720 3007 30

487 3033 919 3102 argenteosque
964 3023 1214 3086 babebat
1256 3024 1547 3085 denarios.
1606 3024 1844 3084 interim
1889 3025 2027 3085 dum
2072 3025 2167 3086 ille
2199 3025 2463 3087 omnium
2493 3035 2621 3086 tex-

486 3116 681 3169 torum
729 3109 882 3169 dicta
920 3110 1078 3170 inter
1105 3109 1299 3171 lusum
1328 3109 1659 3184 consumit,
1701 3109 2073 3187 gustantibus
2101 3110 2290 3171 adhuc
2323 3110 2495 3171 nobis
2526 3130 2619 3172 re·

485 3194 837 3272 positorium
871 3194 1106 3255 allatum
1139 3203 1226 3255 est
1255 3213 1388 3255 cum
1419 3193 1619 3267 corbe,
1652 3194 1713 3254 in
1746 3213 1863 3272 quo
1894 3195 2108 3273 gallina
2140 3204 2265 3256 erat
2292 3195 2485 3274 lignea
2514 3213 2618 3275 pa·-

485 3278 748 3340 tentibus
794 3280 854 3339 in
901 3279 1104 3340 orbem
1149 3279 1282 3352 alis,
1329 3280 1531 3358 quales
1573 3297 1703 3340 esse
1744 3280 1940 3340 solent
1982 3298 2131 3359 quae
2175 3280 2463 3342 incubant
2492 3297 2617 3340 ova.

487 3382 789 3426 accessere
821 3364 1106 3426 continuo
1133 3364 1249 3424 duo
1280 3364 1430 3425 servi
1464 3373 1530 3424 et:
1544 3364 1895 3444 symphonia
1921 3374 2220 3443 strepente
2244 3366 2491 3426 scrutari
2514 3383 2618 3445 pa·
2663 3385 2718 3435 35

485 3448 635 3509 leam
668 3457 996 3528 coeperunt
1027 3457 1308 3528 erutaque
1339 3448 1591 3509 subinde
1623 3450 1912 3528 pavonina
1944 3469 2047 3511 ova
2071 3450 2315 3512 divisere
2339 3450 2615 3511 convivis.

486 3535 773 3596 convertit
815 3534 884 3594 ad
929 3534 1082 3594 hanc
1113 3551 1384 3595 scaenam
1414 3532 1766 3594 Trimalchio
1801 3535 2026 3595 vultum
2059 3544 2117 3596 et
2147 3534 2354 3596 ‘amici’
2385 3535 2464 3596 ait
2493 3542 2616 3615 ‘pa-

483 3618 651 3679 vonis
697 3637 798 3679 ova
845 3619 1093 3697 gallinae
1139 3618 1280 3680 iussi
1324 3618 1601 3698 supponi.
1660 3628 1718 3680 et
1761 3619 2128 3682 mehercules
2169 3621 2347 3681 timeo
2393 3640 2470 3681 ne
2500 3621 2615 3681 iam

621 3786 653 3835 4
686 3787 791 3836 tum
829 3784 874 3835 L
900 3782 921 3852 ΙΙ
977 3787 1005 3835 5
1043 3790 1242 3850 praeter
1291 3800 1447 3837 unum
1485 3786 1540 3835 H
1556 3785 1575 3851 ΙΙ
1602 3790 1628 3836 7
1679 3786 1731 3836 in
1768 3786 2119 3853 promulsidari
2146 3788 2165 3854 ΙΙ
2196 3790 2256 3840 12
2294 3802 2445 3852 supra
2478 3786 2486 3853 Ι
2518 3787 2613 3840 fer·-

483 3852 656 3903 ventia
696 3858 987 3918 argenteam
1012 3852 1030 3919 11
1063 3855 1119 3905 13
1157 3858 1208 3904 et
1244 3868 1342 3905 om.
1368 3853 1413 3904 L
1437 3852 1457 3919 ΙΙ
1487 3856 1547 3906 16
1573 3853 1906 3906 minutissima
1945 3855 1990 3906 L
2014 3853 2033 3921 ΙΙ
2060 3858 2118 3908 17
2146 3855 2523 3921 incluserath
2550 3858 2612 3908 25

482 3935 767 3972 connexum
802 3921 821 3987 ΙΙ
856 3922 918 3973 27
957 3936 1127 3972 morae
1162 3921 1310 3973 vobis
1348 3937 1485 3986 quae
1518 3921 1572 3971 H
1595 3922 1907 3986 glossemate·
1940 3925 2064 3973 huic
2112 3924 2296 3975 absens
2330 3925 2613 3974 subiuncta

481 3992 605 4039 ante
639 3989 813 4041 venire
848 3990 1155 4051 inculcavit,
1193 4004 1290 4040 om.
1310 3989 1354 4040 L
1386 3993 1393 4052 Ι
1425 4004 1627 4041 omnem
1664 4005 1765 4043 om.
1791 3990 1842 4040 H
1874 3991 1891 4058 ΙΙ
1925 3993 1990 4043 30
2025 3995 2109 4042 aut
2130 3990 2173 4041 L
2208 3990 2229 4057 11
2264 3994 2325 4045 31
2367 3995 2613 4044 testorum

483 4056 528 4106 L
562 4058 622 4107 in
658 4073 760 4123 quo
797 4056 929 4109 dicta
965 4057 1243 4118 intercidit
1274 4055 1294 4121 ΙΙ
1329 4058 1391 4109 33
1433 4072 1531 4125 qua
1570 4057 1614 4108 L
