2881 4580
1116 258 1493 312 MENlPPEAE
2257 255 2379 315 223

227 431 486 492 medium
503 430 533 491 ‘2
565 440 624 492 et
647 432 880 492 efficere
907 431 1142 511 nigrum
1168 432 1323 505 viris,
1354 432 1551 493 album
1581 432 1835 504 urinam,
1861 432 2117 493 medium
2144 438 2381 515 πέψιν,

229 517 866 661 novum?refrigerare‚
909 526 1075 579 vetus
1109 517 1458 592 calefacere,
1491 516 1747 578 medium
1781 536 1908 579 esse
1939 518 2251 595 prandium
2286 536 2383 579 ca-

232 621 441 663 ninum

963 732 1268 788 SATVRAE
1302 734 1365 785 IN
1372 733 1628 787 CERTAE

1135 839 1159 898 Ι
1191 840 1483 917 (ΑΕΤΗιιιο)

1863 936 1921 986 et
1950 925 2176 986 ratione
2425 935 2510 985 576

633 1017 734 1068 aut
760 1007 1006 1087 frigidos
1039 1008 1273 1069 nimbos
1303 1009 1420 1068 cito
1452 1026 1520 1069 ac
1550 1009 1849 1070 caduciter
1878 1011 2105 1071 ruentis

634 1094 1071 1172 pertimuerunt
1101 1093 1370 1173 aquatilis
1400 1095 1842 1174 querquedulae
1874 1105 2146 1157 natantes

1226 1212 1275 1272 ΙΙ
1304 1214 1392 1290 (5)

1294 1297 1567 1358 trisulcae
1599 1298 1756 1358 sores
2426 1312 2511 1361 577

635 1382 886 1461 pessulis
915 1381 1190 1442 liberatae
1221 1382 1537 1443 dehiscunt
1567 1400 1774 1461 graves

638 1474 816 1545 atque
849 1467 1020 1527 nixae
1053 1466 1111 1527 in
1144 1466 1348 1547 pigros
1380 1467 1686 1528 cardinum
1720 1466 1989 1528 turbines

635 1675 854 1750 ponam
878 1670 1169 1731 'bisulcam
1203 1586 1702 1732 etlclebrinodam
1726 1670 2077 1732 arundinem
2428 1684 2513 1734 578

1085 1786 1242 1848 llll*
1274 1792 1379 1866 (13
1418 1792 1520 1865 12)

635 1892 738 1934 ver
768 1873 1049 1935 blandum
1079 1874 1235 1953 viget
1264 1874 1435 1947 arviS‚
1468 1887 1520 1937 et
1550 1875 1713 1936 adest
1741 1875 1961 1954 hospes
1993 1875 2246 1938 hirundo
2427 1889 2513 1939 579

1180 1989 1272 2050 V*
1300 1994 1429 2071 (15)
2297 1995 2311 2012 ⁴

636 2087 948 2158 ponuntur
976 2086 1187 2139 tenues
1219 2079 1382 2156 porri
2430 2094 2516 2145 580

880 2194 1003 2257 Vl*
1030 2196 1217 2280 (περὶ
1248 2191 1629 2276 ἐδεσμάτων
1662 2197 1724 2273 4)

455 2298 644 2361 Varro
675 2304 729 2360 si
755 2300 893 2380 quid
935 2301 1000 2360 de
1028 2299 1214 2360 bulbis
1243 2299 1375 2360 dimi
1400 2304 1464 2360 in
1493 2319 1735 2382 aquam,
1782 2302 1883 2379 qm·
1910 2298 2141 2360 Veneris
2170 2306 2381 2362 ostium
2422 2315 2509 2366 581

229 2397 528 2465 quaerunt,
561 2385 758 2447 deinde
787 2389 851 2446 in
879 2384 1150 2464 lepitimis
1179 2388 1400 2463 nuptiis
1430 2388 1493 2445 in
1524 2404 1662 2447 cena
1685 2395 1987 2465 ponantur
2003 2431 2017 2453 ,
2048 2386 2144 2445 sed
2172 2396 2224 2446 et
2254 2405 2381 2447 cum

228 2471 441 2531 nucleis
462 2474 653 2550 pineis
682 2484 783 2532 aut
815 2489 945 2531 cum
973 2488 1177 2532 meae
1204 2488 1336 2530 suco
1368 2481 1418 2530 et
1445 2475 1640 2550 pipere

1175 2588 1271 2648 v11
1303 2590 1432 2666 (10)

444 2689 700 2752 Romam·
725 2690 850 2750 stili
875 2690 1151 2769 Dioyenes
1192 2687 1370 2751 Varro
1403 2703 1680 2752 trecmtos
1711 2689 1889 2761 Ioves,
1934 2710 2032 2751 seu
2063 2688 2379 2770 Iuppiteres
2420 2705 2506 2757 582

232 2775 533 2838 dicendum
561 2787 660 2850 est,
690 2781 815 2836 sine
843 2775 1121 2854 capitibus
1142 2777 1359 2837 inducit

400 2945 501 2996 576
536 2942 749 2995 Nonius
778 2960 833 3010 p.
873 2946 933 2995 91
975 2942 1232 2994 caduciter
1281 2945 1287 3007 Ι
1337 2950 1389 2994 et
1442 2945 1639 2994 ratione
1689 2950 2000 3009 corruptum
2035 2941 2268 3003 fortasse
2311 2961 2381 2994 ea:

227 3012 499 3077 Agathone
534 3017 635 3062 aut
656 3009 984 3077 Epitafionib.
1034 3013 1040 3075 Ι
1094 3011 1295 3063 nimbos
1344 3027 1474 3078 aqua
1522 3012 1621 3062 icta
1661 3011 1918 3062 caduciter
1959 3014 1976 3076 ΙΙ
2025 3015 2121 3064 577
2162 3012 2382 3063 Servius

232 3080 392 3145 Verg.
415 3080 588 3132 Aemi
613 3082 713 3132 448
744 3079 752 3146 Ι
784 3088 938 3146 atque
974 3079 1176 3130 innixae
1213 3081 1262 3131 in
1302 3079 1563 3130 cardinum
1589 3079 1760 3130 tardos
1787 3080 2042 3131 turbines:
2081 3084 2189 3130 nise·
2227 3082 2373 3132 nixae

227 3165 253 3197 e
301 3149 632 3214 Vergiliani:
687 3152 866 3198 ortum
909 3152 987 3198 est
1020 3153 1072 3197 et
1102 3148 1442 3198 scribendum
1478 3154 1631 3214 atque
1689 3148 1971 3199 innituntur
2020 3149 2067 3198 in
2114 3148 2374 3200 cardinum

230 3216 458 3269 tardulos
485 3216 505 3281 11
528 3219 626 3269 578
647 3216 892 3267 Iulianus
920 3230 1096 3280 gram.
1123 3213 1162 3263 V
1186 3232 1237 3279 p.
1260 3217 1360 3268 324
1381 3215 1439 3266 K.
1473 3216 1482 3280 Ι
1514 3214 1923 3267 crebrinodosam
1949 3222 1967 3278 ΙΙ
1998 3218 2095 3269 579
2120 3218 2382 3281 Augusti·

227 3302 330 3335 nus
366 3286 431 3336 de
462 3287 666 3335 musica
687 3284 854 3335 lv·15
890 3286 1005 3333 sine
1040 3286 1254 3333 nomine
1275 3286 1531 3335 auctoris,
1603 3284 1877 3334 Arnobius
1913 3282 1974 3334 Vl
2013 3286 2077 3336 23
2118 3284 2204 3334 ubi
2242 3284 2382 3335 deni·

229 3368 329 3420 que
366 3353 554 3419 Apollo
592 3352 794 3404 divinus
833 3354 1012 3415 (immo
1050 3350 1271 3415 Delius),
1320 3367 1435 3402 cum
1483 3368 1509 3403 a
1548 3352 1725 3418 piratis
1760 3351 2130 3418 maritimisque
2167 3353 2382 3419 praedo-

228 3421 381 3473 nibus
417 3427 469 3472 et
503 3420 758 3486 spoliatus
794 3421 865 3471 ita
903 3425 983 3471 est
1018 3427 1069 3469 et
1104 3419 1370 3481 incensus,
1418 3425 1476 3470 ut
1525 3435 1587 3472 ex
1635 3425 1712 3470 tot
1758 3419 1864 3470 auri
1902 3419 2214 3486 ponderibus
2250 3435 2382 3486 quae

228 3487 428 3541 infinita
466 3494 830 3555 congesserant
864 3486 1084 3549 saecula,
1122 3503 1185 3538 ne
1221 3502 1375 3538 unum
1414 3488 1620 3554 quidem
1647 3486 1883 3539 habuerit
1907 3488 2205 3552 scripulum,
2243 3489 2382 3554 quod

226 3560 353 3624 (quo
391 3557 582 3619 codex)
618 3555 973 3608 hirundinibus
1013 3555 1247 3621 hospitis,
1286 3554 1443 3606 Varro
1481 3565 1538 3607 nt
1563 3556 1687 3607 dicit
1706 3555 2007 3621 Menippeas
2031 3556 2384 3621 (sethenipens

229 3626 435 3689 codex),
472 3625 800 3677 ostenderet?
835 3626 1107 3688 scripsisse
1143 3625 1272 3675 haec
1308 3629 1488 3673 omnia
1525 3628 1698 3689 ipsum
1737 3624 2036 3674 Varronem
2076 3628 2187 3674 veri
2220 3626 2386 3676 simil-

229 3696 414 3745 limum
450 3693 570 3759 θείη
596 3695 695 3746 580
726 3708 956 3758 gramm.
993 3692 1056 3742 de
1093 3691 1267 3742 dubiis
1302 3694 1610 3742 nominibus
1649 3691 1689 3740 V
1719 3707 1777 3757 p.
1805 3694 1903 3745 588
1931 3692 1989 3743 K.
2016 3707 2241 3757 porrum.
2301 3710 2384 3755 re-

230 3764 349 3828 cepi
383 3761 529 3826 quod
561 3763 864 3812 keoeametrc‘
895 3761 1172 3811 videretur
1198 3760 1578 3826 principium„
1606 3761 1700 3812 581
1730 3762 1958 3825 Apicius
1997 3759 2218 3814 v11311.
2268 3778 2385 3812 sen-

230 3832 401 3881 tentia
436 3829 652 3881 videtur
677 3830 751 3880 ad
771 3832 914 3880 hunc
935 3828 1148 3879 modum
1174 3829 1506 3878 restituenda
1531 3828 1725 3895 liquida
1752 3830 1813 3879 de
1845 3828 2013 3880 bulbis
2040 3828 2166 3879 dixit
2189 3829 2383 3896 iniqua,

231 3899 317 3965 qui
357 3897 571 3949 Veneris
607 3899 766 3950 otium
806 3903 1081 3964 quaerunt,
1136 3896 1346 3962 proinde
1391 3900 1451 3945 ut
1487 3895 1748 3961 legitimis·
1816 3900 1995 3963 recepi
2028 3900 2205 3947 autem
2241 3898 2387 3963 quod

228 3971 415 4017 satura
453 3981 517 4016 ae
549 3969 762 4017 senario
798 3968 966 4030 digna
999 3963 1156 4025 fuere
1191 3964 1320 4014 leaeo
1354 3964 1440 4030 qui
1481 3962 1694 4015 Veneris
1732 3970 1985 4030 quaerunt
2020 3965 2180 4016 otium
2223 3966 2243 4031 ΙΙ
2284 3966 2383 4016 582

238 4033 602 4086 Tertullianus
634 4034 709 4085 ad
739 4038 985 4086 nationes
1019 4033 1037 4083 1
1077 4034 1138 4085 10
1176 4036 1228 4082 et
1261 4032 1595 4098 apologetico
1636 4035 1700 4084 14
