2881 4580
1136 266 1511 336 ΜΕΝῙΡΡΕΑΕ
2274 268 2396 325 211

664 524 858 604 ipsum
889 524 1051 585 avide
1082 525 1219 585 vino
1244 439 1481 585 ἐὶέίὸῑζιὶ
1515 525 1702 604 poclis
1747 525 1906 604 large
1937 535 2112 605 atque
2143 526 2402 607 benigne

662 727 763 787 ubi
798 728 965 788 nitidi
997 643 1589 808 ephebiugegig)pulla
1622 728 1856 790 candidi

657 813 919 875 modeste
951 813 1147 874 amicti
1178 813 1362 875 cultus
1393 824 1643 893 pascunt
1672 824 1913 893 pectore

656 1017 964 1097 suspendit
996 931 1519 1092 Βετὶὴιιιεῃῐῐῃὲἰιιίιέε,
1550 1018 1745 1079 mollis
1775 1018 1940 1097 pilaS‚

541 1179 547 1184 ἢ
652 1101 898 1162 reticula
929 1120 996 1163 ac
1027 1102 1287 1181 strophia

1239 1219 1464 1384 xi'11(g843)1·e
1494 1304 1743 1366 volitans
1775 1306 1990 1368 miluus

650 1404 843 1449 ψιψψ
883 1406 1093 1467 aquam
1125 1408 1156 1450 e
1191 1390 1451 1452 nabibus
1481 1399 1694 1450 tortam
1727 1391 1946 1452 indicat

649 1475 775 1536 fore
806 1485 870 1536 ut
900 1474 1163 1553 tegillum
1198 1486 1399 1554 pastor
1429 1475 1541 1537 sibi
1572 1487 1764 1537 sumat

1227 1594 1300 1653 Vl

1254 1594 1727 1758 vigiteuigeras
1753 1679 2006 1741 aetheris

646 1762 945 1841 explicans
975 1781 1110 1824 aere
1142 1782 1282 1825 cavo
1315 1765 1575 1826 sonitum
1607 1765 2035 1847 hicincoturnis

1179 1883 1280 1944 Vll
1311 1884 1440 1961 (23)

1590 1968 1649 2028 in
1686 1968 2088 2048 Thespiadnm
2120 1969 2303 2029 choro

646 2051 970 2131 derepente

1175 2149 1302 2212 Vlll
1334 2154 1463 2229 (22)

1561 2238 1855 2299 Pieridiim
1882 2257 2079 2300 comes

645 2327 794 2400 quae
824 2331 1032 2383 tenent
1062 2327 1204 2383 cana
1239 2325 1396 2403 putri
1427 2325 1560 2403 gelo
1591 2325 1884 2385 montium

640 2426 774 2468 saxa
1170 2492 1326 2553 Vllll
1360 2495 1449 2570 (3)

451 2576 697 2638 navibus
729 2576 1039 2638 duodecim
1073 2578 1245 2637 domo
1282 2581 1642 2656 profectum,
1696 2579 1901 2639 decem
1931 2596 2121 2640 annos
2170 2577 2388 2639 solidos

231 2681 458 2724 errasse
1422 2697 1428 2703 -

1230 2746 1283 2807 X
1316 2750 1407 2827 (1)

444 2833 769 2911 Diogenem
800 2843 1004 2912 postea
1034 2832 1278 2912 pallium
1307 2833 1499 2894 solum
1531 2832 1806 2894 habuisse
1839 2841 1899 2894 et
1927 2832 2142 2895 habere
2164 2832 2384 2893 Vlixem

228 2936 451 2979 meram
481 2917 761 2991 tunicam,
795 2918 1034 2996 pilleum
1067 2919 1199 2980 ideo
1234 2938 1354 2979 non
1386 2917 1607 2978 habere

399 3088 496 3138 461
535 3084 604 3139 N.
633 3101 691 3151 p.
728 3087 822 3137 321
863 3086 1079 3138 invitare
1110 3087 1118 3152 Ι
1149 3086 1267 3137 audi
1304 3086 1425 3137 vino
1462 3090 1559 3136 aut
1592 3085 1764 3137 audivi
1800 3102 1901 3137 non
1930 3087 2071 3150 11462
2107 3084 2174 3137 Ν.
2208 3103 2262 3152 p.
2285 3087 2384 3138 368

226 3153 423 3222 pullum
455 3153 464 3220 Ι
495 3153 712 3205 amictus
748 3160 982 3221 pascunt.
1031 3170 1104 3204 an
1138 3155 1345 3206 luctus?
1378 3169 1535 3205 ver-su
1570 3169 1679 3204 non
1711 3153 1869 3220 pleno
1905 3154 2206 3205 modestiam
2242 3153 2383 3206 intus

229 3223 482 3274 Oelilerus
506 3220 525 3288 ΙΙ
552 3223 648 3273 463
688 3220 756 3275 Ν.
789 3238 845 3286 p.
881 3223 980 3273 538
1017 3221 1301 3288 strophium
1337 3226 1391 3272 et
1418 3238 1473 3288 p.
1512 3224 1610 3274 542
1646 3221 1914 3273 reticulum
1956 3223 1963 3287 Ι
2007 3221 2200 3274 laribus
2236 3223 2385 3274 mari·

226 3306 320 3342 nas
347 3291 366 3358 ΙΙ
389 3292 492 3343 464
525 3289 593 3341 Ν.
624 3305 680 3355 p.
721 3292 818 3343 169
858 3290 1088 3355 tegillum
1121 3292 1128 3355 Ι
1159 3290 1334 3355 vigere
1371 3291 1594 3342 volitans
1633 3290 1827 3342 mulsus
1864 3305 2065 3356 aquam.
2136 3291 2382 3356 supplen—

225 3360 354 3410 dum
399 3361 536 3424 puto
593 3361 699 3409 tale
734 3358 778 3408 si
816 3357 1044 3422 auditur,
1098 3357 1167 3410 id.
1239 3374 1336 3408 nec
1381 3362 1492 3408 scio
1528 3374 1601 3408 an
1638 3358 1742 3410 fere
1775 3364 1833 3410 ut
1866 3362 2126 3424 scriptum
2159 3356 2332 3418 fuerit
2365 3360 2385 3424 fl

226 3431 324 3480 465
361 3432 598 3477 maxime
629 3426 907 3493 probabile
940 3429 1117 3476 visum
1154 3430 1234 3476 est
1265 3430 1509 3477 senarios
1541 3424 1725 3486 facere
1760 3432 1823 3478 ut
1857 3429 1959 3480 464
1994 3427 2067 3477 ad
2098 3428 2241 3477 hunc
2273 3442 2383 3476 mo-

224 3496 353 3546 dum
387 3496 440 3545 in
477 3496 587 3546 vias
627 3494 914 3560 stelligeras
951 3494 1171 3546 aetheris
1207 3495 1323 3546 aere
1361 3510 1489 3546 cavo
1526 3493 1750 3546 sonitum
1800 3496 2066 3547 bucinator
2101 3494 2383 3561 explicans„

224 3568 314 3614 eui
350 3565 695 3614 coniecturae
729 3565 973 3612 subvenit
1009 3562 1180 3613 codeoe
1217 3566 1449 3628 optimus
1472 3566 1529 3612 in
1555 3576 1659 3629 quo
1686 3563 1948 3629 explicans
1970 3568 2093 3629 post
2114 3576 2231 3614 aere
2257 3578 2380 3612 con-

224 3633 462 3684 locatum
496 3635 589 3682 est.
637 3634 880 3681 numeris
912 3634 1046 3681 satis
1081 3630 1148 3692 fit
1181 3634 1261 3681 sic
1296 3632 1518 3682 aetheris
1555 3645 1656 3681 nox
1684 3631 1947 3697 explicans
1980 3636 2033 3682 et
2066 3630 2380 3683 bucinatoris

222 3701 325 3753 ciet
348 3700 369 3766 fl
395 3701 494 3753 466
531 3698 598 3750 Ν.
629 3716 686 3765 p.
726 3701 824 3752 518
864 3698 1157 3766 derepente.
1190 3700 1198 3761 Ι
1230 3714 1337 3750 oro.
1384 3702 1492 3749 nisi
1525 3696 1637 3758 fuit
1671 3698 1780 3750 tale
1814 3699 1933 3750 dum
1971 3715 2098 3763 erro,
2150 3703 2380 3749 metrum

222 3769 435 3835 quidem
470 3771 633 3818 nimis
669 3770 932 3818 incertum
975 3765 995 3835 ΙΙ
1036 3770 1133 3820 467
1172 3765 1240 3818 Ν.
1260 3782 1318 3832 p.
1355 3770 1456 3820 492
1494 3766 1624 3831 gelo¹
1657 3768 1665 3831 Ι
1708 3765 1982 3819 Pueridum
2011 3768 2019 3834 Ι
2053 3771 2228 3819 tenent
2263 3773 2376 3818 cata

221 3843 357 3901 (cate
378 3839 557 3902 primo
586 3835 720 3885 liber
745 3837 996 3901 optimus)
1014 3835 1137 3900 ‘gelo
1174 3836 1307 3902 putri
1331 3837 1579 3886 montium
1607 3834 1737 3889 laxa.
1797 3839 2115 3902 sequebatur
2148 3834 2380 3887 Thraces

220 3910 283 3956 ut
319 3907 513 3972 opinor
547 3919 764 3966 nomen,
821 3919 1143 3969 quamquam
1194 3904 1257 3953 de
1311 3906 1486 3954 verbis
1527 3906 1867 3969 numerisque
1905 3919 2106 3969 parum
2152 3907 2377 3954 constat.

2433 536 2534 607 ‚4⁶1

2400 775 2404 779 -
2441 739 2531 791 462

2442 1028 2529 1079 463

2436 2251 2524 2309 4θῖ

2432 2591 2520 2642 468
2565 2653 2570 2659 .

2429 2845 2537 2923 469·

223 3979 370 4026 tenes
407 3977 583 4024 cavata
624 3971 886 4037 Scaliger,
922 3972 1087 4039 putria
1110 3972 1440 4022 Passeratius
1465 3971 1484 4039 ΙΙ
1511 3972 1611 4024 468
1646 3970 1713 4023 Ν.
1749 3987 1801 4037 p.
1825 3975 1927 4025 405
1963 3971 2182 4024 solidum
2215 3972 2223 4038 Ι
2255 3971 2377 4022 dum
2439 4004 2446 4011 -

223 4043 380 4092 libri.-
414 4039 622 4093 domum
659 4039 928 4106 Roeperus
950 4040 970 4107 11
998 4042 1095 4092 469
1131 4038 1198 4090 Ν.
1230 4037 1293 4106 ρ.
1326 4041 1426 4092 344
1463 4054 1654 4092 merum

1865 4123 1971 4178 14*
