2881 4580
427 282 513 342 34
1350 278 1655 333 PETRONII

440 457 739 537 congessit
767 464 826 515 et
855 472 952 516 eas
979 453 1275 530 incendit3
1320 454 1509 513 factae
1549 461 1692 515 sunt
1719 453 1778 515 in
1814 471 2001 515 unum
2030 472 2165 513 aera
2195 452 2589 513 miscellanea.
2615 462 2669 512 11

445 545 526 605 ita
555 562 626 604 ex
657 541 766 602 hac
798 557 985 601 massa
1014 538 1167 600 fabri
1196 538 1568 600 sustulerunt
1596 548 1657 600 et
1684 540 1956 601 fecerunt
1982 538 2171 600 catilla
2215 549 2275 600 et
2316 535 2587 617 paropsi-

449 629 551 690 des
580 639 632 690 ct
660 625 1011 689 statuncula.
1070 624 1154 686 sic
1178 622 1492 685 Corinthea
1523 632 1658 684 nata
1688 634 1847 698 sunt,
1878 642 1950 685 ex
1980 623 2257 685 omnibus
2282 623 2344 683 in
2378 639 2585 693 unum,

444 732 556 776 nec
582 714 697 773 hoc
728 729 840 772 nec
870 710 1030 771 illud.
1090 708 1409 789 ignoscetis
1437 708 1581 770 mihi
1599 755 1615 783 ,
1665 711 1824 788 quod
1851 708 2084 770 dixero:
2116 727 2226 788 ego
2255 708 2412 770 malo
2442 705 2583 768 mibi

442 800 640 872 vitrea,
672 804 833 858 certe
866 814 986 857 non
1020 794 1208 856 olunt.
1268 794 1428 873 quod
1457 794 1506 855 si
1540 813 1658 855 non
1690 796 2142 874 frangerentur,
2184 794 2415 856 mallem
2446 792 2591 854 mihi
2634 804 2667 853 5

343 892 419 952 51
446 903 619 964 quam
651 900 896 956 aurum;
946 897 1108 941 nunc
1152 886 1347 940 autem
1394 878 1526 940 vilia
1571 889 1729 942 sunt.
1788 881 1901 942 fuit
1931 890 2125 942 tamen
2173 879 2339 941 faber
2368 878 2470 959 qui
2499 878 2590 937 fe-

444 970 524 1032 cit
554 969 809 1049 phialam
836 966 1078 1026 vitream
1102 1012 1118 1036 ,
1161 982 1313 1043 quae
1350 983 1473 1025 non
1502 965 1902 1045 frangebatur.
1961 964 2248 1027 admissus
2277 982 2420 1044 ergo
2446 964 2591 1024 Cae-

443 1073 634 1117 sarem
667 1061 756 1114 est
783 1070 919 1114 cum
947 1068 1056 1112 suo
1088 1067 1367 1122 munere,
1413 1049 1627 1111 deinde
1672 1050 1809 1112 fecit
1837 1069 1901 1113 se
1932 1051 2240 1130 porrigere
2271 1048 2500 1111 Caesari
2532 1057 2595 1108 et

446 1140 601 1201 illam
648 1139 708 1198 in
755 1136 1153 1217 pavimentum
1203 1135 1471 1214 proiecit.
1531 1135 1742 1197 Caesar
1786 1155 1910 1197 non
1956 1144 2096 1216 pote
2125 1134 2368 1197 validius
2412 1151 2589 1213 quam

448 1223 694 1305 expavit.
755 1231 813 1283 at
842 1221 939 1283 ille
983 1219 1219 1282 sustulit
1261 1220 1517 1300 phialam
1560 1221 1633 1282 de
1682 1232 1865 1296 terra;
1911 1221 2113 1282 collisa
2156 1229 2281 1281 erat
2309 1228 2590 1298 tanquam
2639 1226 2698 1276 to

446 1327 646 1371 vasum
692 1324 980 1381 aeneum3
1026 1305 1239 1367 deinde
1281 1306 1620 1366 martiolum
1663 1306 1737 1366 de
1778 1307 1914 1368 sinu
1958 1306 2207 1386 protulit
2251 1315 2310 1366 et
2338 1304 2591 1384 phialam

449 1395 569 1457 otio
616 1393 768 1455 belle
813 1391 1086 1453 correxit.
1146 1391 1261 1452 hoc
1321 1391 1478 1452 facto
1523 1390 1767 1471 putabat
1808 1411 1871 1452 se
1915 1392 2124 1453 solium
2170 1390 2321 1451 Iovis
2364 1400 2592 1463 tenere,

449 1481 654 1560 utique
683 1486 993 1558 postquam
1028 1475 1236 1538 Caesar
1265 1476 1345 1537 illi
1376 1476 1554 1537 dixit:
1588 1476 1911 1555 “numquid
1944 1477 2092 1537 alius
2121 1476 2232 1537 scit
2261 1476 2414 1537 hanc
2444 1491 2593 1535 con-

448 1566 701 1627 dituram
732 1559 1134 1623 vitreorum?”
1195 1562 1326 1622 vide
1352 1562 1550 1622 modo.
1608 1570 1917 1641 postquam
1950 1561 2199 1640 negavit,
2230 1561 2400 1623 iussit
2428 1559 2595 1620 illum

452 1652 662 1713 Caesar
706 1647 1015 1710 decollari:
1062 1645 1199 1724 quia
1244 1646 1437 1717 enim,
1482 1646 1532 1707 si
1575 1646 1786 1707 scitum
1832 1657 2016 1719 esset,
2060 1663 2270 1708 aurum
2313 1664 2425 1726 pro
2467 1644 2595 1705 luto
2641 1649 2701 1700 15

349 1739 432 1801 52
451 1735 821 1797 haberemus.
892 1733 952 1792 in
1011 1739 1257 1808 argento
1315 1731 1489 1811 plane
1545 1732 1840 1794 studiosus
1884 1750 2033 1793 sum.
2107 1731 2296 1792 habeo
2341 1730 2598 1811 scyphos

451 1820 689 1883 urnales
731 1818 867 1897 plus
912 1815 1109 1877 minus
1155 1815 1234 1877 C.-
1279 1816 1791 1895 quemadmodum·
1817 1816 2141 1878 Cassandra
2187 1816 2403 1877 occidit
2443 1813 2598 1876 filios

451 1924 625 1978 suos,
670 1910 729 1964 et
757 1901 928 1982 pueri
957 1901 1177 1962 mortui
1207 1901 1401 1962 iacent
1444 1902 1530 1964 sic
1572 1910 1638 1964 nt
1666 1902 1858 1963 vivere
1887 1912 2080 1982 putes.
2139 1901 2329 1963 haheo
2360 1899 2599 1980 capides

455 1991 530 2065 M,
560 2006 707 2068 quas
737 1986 974 2065 reliquit
1017 1995 1269 2066 patrono
1312 2006 1435 2049 mco
1480 1987 1825 2062 Mummius,
1869 1987 1973 2048 ubi
2017 1987 2303 2049 Daedalus
2346 1985 2597 2048 Niobam

452 2078 513 2136 in
545 2091 764 2153 equum
796 2072 1120 2133 Troianum
1148 2071 1415 2134 includit.
1474 2091 1610 2133 nam
1644 2072 2009 2134 Hermerotis
2048 2090 2280 2152 pugnas
2308 2082 2368 2133 et
2396 2072 2599 2133 Petra·
2644 2080 2705 2131 2⁰

452 2161 549 2223 itis
578 2160 638 2221 in
671 2157 900 2238 poculis
928 2156 1149 2230 habeo,
1194 2157 1392 2218 omnia
1435 2159 1802 2238 ponderosa;
1847 2176 2043 2219 meum
2076 2158 2234 2218 enim
2266 2157 2595 2237 intelligere

459 2245 619 2309 nulla
649 2243 900 2326 pecunia
930 2242 1161 2304 vendo.’

620 2331 767 2391 haec
797 2329 935 2390 dum
967 2329 1168 2402 refert,
1199 2347 1349 2409 puer
1378 2328 1618 2390 calicem
1650 2327 1916 2407 proiecit.
1962 2329 2031 2389 ad
2064 2346 2241 2406 quem
2272 2327 2598 2407 respiciens

451 2415 803 2478 Trimalchio
835 2413 991 2475 ‘cito'
1023 2414 1217 2492 inquit
1246 2420 1325 2475 ‘te
1354 2415 1547 2494 ipsum
1575 2415 1755 2474 caede
1774 2460 1788 2486 ,
1834 2413 1970 2491 quia
2014 2431 2212 2493 nugax
2241 2412 2340 2475 es'.
2399 2413 2594 2474 statim

455 2520 605 2583 puer
632 2501 886 2562 demisso
906 2498 1073 2560 labro
1117 2518 1308 2560 orare.
1366 2509 1427 2559 at
1455 2499 1550 2559 ille
1596 2498 1756 2577 ‘quid
1801 2498 1915 2559 me’
1946 2499 2142 2577 inquit
2184 2495 2423 2576 ‘rogas‘?
2468 2506 2599 2558 tan-
2645 2509 2707 2559 ἰῶ

456 2605 631 2667 quam
662 2605 772 2664 ego
797 2583 905 2645 tibi
928 2584 1209 2645 molestus
1229 2584 1358 2645 sim.
1404 2584 1644 2653 suadeo,
1678 2602 1708 2643 a
1732 2592 1790 2643 te
1814 2583 2116 2663 impetres,
2150 2602 2226 2644 ne
2255 2586 2335 2645 sis
2365 2582 2600 2662 nugax’.

456 2672 692 2734 tandem
738 2687 881 2748 ergo
928 2677 1202 2729 exoratus
1245 2687 1278 2728 a
1326 2668 1499 2729 nobis
1541 2668 1881 2729 missionem
1914 2668 2074 2730 dedit
2116 2687 2323 2747 puero.
2384 2669 2482 2730 ille
2511 2669 2602 2730 di-

457 2757 670 2819 missus
700 2755 854 2816 circa
884 2769 1146 2814 mensam
1178 2751 1555 2834 percucurrit

458 2935 520 2986 et
548 2929 783 3002 ‘aquam
813 2924 997 2996 foras,
1041 2923 1241 2984 vinum
1287 2922 1465 2984 intro'
1497 2923 1763 2984 clamavit
2067 2924 2392 3002 excipimus
2421 2922 2602 2984 urba-

460 3009 701 3070 nitatem
731 3008 997 3079 iocantiS,
1031 3016 1089 3069 et
1118 3019 1255 3069 ante
1286 3026 1496 3070 omnes
1523 3011 1951 3086 Agamemnon,
1982 3009 2085 3088 qui
2115 3008 2354 3081 sciebat,
2388 3008 2606 3087 quibus
2650 3020 2710 3069 30

459 3093 686 3155 meritis
737 3103 1113 3154 revocaretur
1168 3094 1235 3154 ad
1295 3112 1524 3155 cenam.
1613 3103 1876 3154 ceterum
1937 3094 2203 3156 laudatus
2246 3093 2604 3154 Trimalchio

462 3179 704 3241 hilarius
734 3178 881 3239 bibit
911 3187 970 3239 et
1013 3180 1127 3240 iam
1173 3179 1338 3240 ebrio
1383 3179 1690 3260 proximus
1722 3179 1935 3240 ‘nemo’
1967 3178 2162 3258 inquit
2191 3184 2467 3240 ‘vestrum
2500 3196 2603 3238 ro-

460 3276 558 3345 gat
586 3264 970 3325 Fortunatam
1003 3283 1225 3338 meam,
1256 3274 1324 3326 ut
1351 3262 1566 3325 saltet?
1612 3264 1834 3325 credite
1863 3265 2037 3325 mihi:
2084 3264 2391 3325 cordacem
2427 3283 2604 3325 nemo

464 3350 671 3412 melius
698 3348 898 3411 ducit'.

462 3445 639 3515 atque
693 3437 819 3514 ipse
876 3434 1089 3496 erectis
1145 3452 1325 3513 supra
1368 3436 1628 3496 frontem
1685 3434 1954 3495 manibus
1998 3435 2208 3514 Syrum
2255 3434 2604 3495 histrionem
2651 3445 2711 3493 35

462 3519 773 3582 exhibebat
793 3520 1151 3580 concinente
1172 3528 1294 3580 tota
1317 3519 1565 3581 familia:
1590 3515 1888 3597 Μάόεια,
1912 3516 2353 3602 Περιμάὸεια.
2379 3527 2439 3580 et
2459 3537 2602 3599 pro-

462 3605 644 3667 disset
664 3605 723 3665 in
755 3605 1033 3677 medium,
1066 3604 1179 3667 nisi
1202 3604 1524 3666 Fortunata
1545 3606 1614 3666 ad
1639 3623 1845 3669 aurem
1866 3605 2238 3679 accessisset;
2270 3598 2374 3689 [et]
2405 3605 2603 3678 credo,

465 3690 678 3751 dixerit
707 3708 831 3750 non
862 3691 1071 3751 decere
1114 3690 1455 3770 gravitatem
1500 3690 1627 3751 eius
1670 3699 1787 3751 tam
1833 3690 2084 3751 humiles
2127 3690 2396 3769 ineptias·
2460 3689 2607 3750 nihil

634 3845 665 3893 5
705 3845 839 3892 certe
884 3839 1066 3891 nolunt
1100 3838 1119 3908 ΙΙ
1161 3842 1191 3892 8
1230 3840 1353 3892 fecit
1388 3840 1699 3907 reporrigere
1726 3839 1747 3907 ΙΙ
1774 3843 1836 3895 12
1873 3840 2071 3893 coleum
2099 3840 2118 3907 ΙΙ
2147 3842 2210 3893 18
2246 3840 2395 3892 sicuti
2434 3854 2551 3891 vere
2594 3840 2601 3906 Ι

469 3908 700 3975 capidem
737 3922 865 3975 quas
901 3906 1108 3974 reliquit
1144 3913 1470 3974 patronorum
1507 3923 1651 3960 meus
1676 3908 1696 3975 Ι
1723 3911 1785 3961 20
1824 3907 2076 3961 Tetraites
2113 3910 2199 3958 hic
2228 3909 2513 3974 gladiator
2545 3911 2606 3959 in

470 3980 823 4028 monumentis
857 3980 1084 4027 vocatur
1117 3977 1409 4044 plur-imici}
1437 3979 1502 4029 25
1538 3976 1742 4029 labrore
1777 3981 1859 4028 at:
1894 3990 2039 4029 orare
2064 3978 2236 4042 coepit
2262 3977 2566 4027 Strelitzim
2587 3977 2606 4042 ΙΙ

471 4049 532 4099 27
555 4061 677 4113 ergo
714 4049 1026 4111 corruptum
1062 4061 1130 4095 ex
1150 4060 1270 4096 vero
1295 4050 1394 4095 aut
1411 4050 1814 4111 praecesserant
1834 4047 1944 4097 alia
1971 4047 2037 4096 ab
2062 4047 2409 4111 epitomatore
2431 4047 2606 4095 recisa
