2881 4580
1188 343 1467 398 PRIAPEA
2269 348 2298 405 1
2312 344 2391 405 39

476 518 605 597 quis
634 517 931 579 Bacchum
963 517 1166 598 gracili
1197 528 1416 579 vestem
1449 519 1836 599 praetendere
1864 519 2086 602 thyrso,

547 603 676 682 quis
705 612 764 664 te
795 603 979 664 celata
1010 621 1144 664 cum
1177 603 1302 663 sace
1333 604 1493 677 vidit,
1525 602 1754 664 Amor?

478 706 588 749 nec
618 688 761 749 mihi
790 688 866 749 sit
894 688 1142 760 crimen,
1175 687 1335 767 quod
1365 688 1627 750 mentula
1658 707 1895 770 semper
1922 702 2125 772 aperta
2161 700 2279 753 est:

548 773 663 834 hoc
693 773 833 835 mihi
863 773 912 835 si
942 774 1123 835 telum
1155 773 1322 845 desit,
1355 774 1598 835 inermis
1628 793 1751 835 ero.

1288 926 1339 986 X

470 1025 861 1088 Insulsissima
890 1027 1028 1106 quid
1058 1026 1253 1107 puella
1284 1025 1484 1089 rides?

474 1131 592 1173 non
624 1130 720 1173 me
752 1112 1073 1174 Praxiteles
1096 1112 1389 1191 Scopasve
1420 1114 1576 1186 fecit,

471 1214 582 1258 nec
611 1214 743 1258 sum
766 1196 1037 1259 Phidiaca
1066 1216 1247 1259 manu
1280 1196 1529 1278 politus;

472 1283 572 1343 sed
605 1282 835 1361 lignum
864 1284 1011 1344 rude
1039 1283 1245 1344 vilicus
1274 1283 1507 1354 dolavit,

476 1376 533 1428 et
563 1366 705 1428 dixit
735 1367 905 1428 mihi:
953 1373 1039 1429 ‘tu
1068 1368 1318 1448 Priapus
1348 1368 1515 1429 esto’.
2285 1381 2314 1430 ὁ

473 1461 701 1532 spectas
731 1470 824 1513 me
855 1461 1052 1514 tamen
1078 1463 1137 1515 et
1165 1453 1417 1516 subinde
1451 1454 1635 1515 rides:

478 1537 754 1598 nimirum
785 1537 891 1599 tibi
922 1539 1073 1601 salsa
1105 1557 1200 1601 res
1230 1538 1462 1601 videtur

474 1623 710 1684 adstans
738 1623 1083 1703 inguinibus
1110 1623 1388 1685 columna
1422 1624 1674 1686 nostris.·

1285 1777 1365 1837 XI

473 1875 556 1938 Ne
587 1878 901 1957 prendare,
933 1896 1090 1940 cave.
1158 1897 1377 1959 prenso
1412 1897 1525 1940 nec
1554 1879 1711 1940 fuste
1741 1878 1993 1953 nocebo,

551 1981 718 2024 saeva
750 1981 862 2025 nec
890 1963 1134 2025 incurva
1161 1965 1404 2026 vulnera
1436 1963 1582 2025 falce
1612 1963 1794 2025 dabo:

477 2048 753 2110 traiectus
784 2057 963 2109 conto
993 2048 1078 2110 sic
1109 2050 1428 2110 extendere
1460 2048 1670 2130 pedali,

553 2142 618 2194 ut
646 2133 845 2195 culum
877 2151 1085 2213 rugam
1117 2154 1238 2196 non
1271 2134 1547 2196 habuisse
1578 2144 1769 2212 putes.

1271 2285 1378 2347 XII

478 2387 774 2459 Quaedam
802 2390 1003 2451 iunior
1033 2388 1302 2450 Hectoris
1332 2396 1601 2468 parente,

478 2472 760 2535 Cumaeae
791 2493 978 2549 soror,
1012 2486 1080 2536 ut
1110 2485 1276 2554 puto,
1309 2472 1583 2553 Sibyllae,

478 2560 736 2638 aequalis
764 2559 888 2635 tibi,
920 2579 1098 2640 quam
1124 2560 1364 2620 domum
1386 2567 1691 2619 revertens

477 2643 740 2706 Theseus
767 2647 1032 2726 repperit
1061 2646 1120 2706 in
1153 2663 1300 2725 rogo
1331 2643 1642 2715 iacentem,

478 2728 711 2791 infirmo
743 2730 893 2792 solet
920 2731 1039 2792 huc
1067 2730 1256 2810 gradu
1283 2729 1489 2791 venire
2289 2739 2319 2788 5

478 2831 840 2895 rugosasque
874 2834 1084 2877 manus
1113 2816 1183 2877 ad
1216 2823 1371 2877 astra
1400 2814 1636 2884 tollenS,

474 2918 548 2960 ne
579 2900 731 2962 desit
759 2901 889 2974 sibi,
921 2900 1243 2962 mentulam
1273 2918 1506 2980 rogare.

478 2984 754 3047 hesterna
785 3004 1025 3066 quoque
1055 2986 1186 3047 luce
1218 2986 1355 3047 dum
1387 2993 1685 3065 precatur,

478 3067 715 3131 dentem
747 3071 818 3133 de
848 3071 1039 3133 tribus
1069 3072 1360 3134 excreavit
1388 3089 1597 3132 unum.

481 3154 660 3217 ‘tolle’
688 3157 932 3236 inquam
963 3156 1194 3237 ‘procul
1224 3175 1292 3218 ac
1323 3156 1459 3218 iube
1491 3156 1670 3217 latere
2264 3162 2321 3214 10

482 3241 661 3303 scissa
690 3241 802 3303 sub
834 3242 1035 3304 tunica
1065 3242 1334 3322 stolaque
1364 3242 1515 3313 rufa,

483 3334 549 3386 ut
576 3344 811 3406 semper
839 3327 1007 3402 solet,
1040 3336 1098 3388 et
1125 3327 1334 3389 timere
1365 3326 1577 3400 lucem,

482 3411 583 3489 qui
612 3420 778 3473 tanto
806 3413 970 3492 patet
996 3413 1281 3473 indecens
1309 3411 1494 3484 hiatu,

480 3495 724 3558 barbato
754 3516 953 3559 macer
981 3497 1279 3558 eminente
1311 3515 1475 3569 naso,

482 3592 549 3641 ut
579 3583 784 3644 credas
811 3582 1117 3662 Epicuron
1148 3581 1422 3644 oscitari’.
1472 3609 1473 3612 ¹
2264 3583 2321 3634 15

1257 3733 1392 3794 XIII

486 3834 798 3897 Percidere
832 3855 1001 3918 puer,
1034 3854 1280 3897 moneo:
1313 3835 1548 3896 futuere
1579 3830 1802 3913 puella:

562 3919 875 3986 barbatum
903 3923 1096 3984 furem
1126 3920 1297 3982 tertia
1326 3937 1521 4000 poena
1549 3925 1766 3980 manet.

426 4052 492 4104 xl
531 4057 551 4106 1
600 4069 838 4120 prensare
868 4054 878 4121 Ι
909 4057 942 4107 4
976 4069 1034 4106 ru
1073 4068 1128 4106 as
1165 4053 1266 4105 alii
1299 4053 1318 4121 ΙΙ
1344 4051 1429 4104 XII
1471 4056 1496 4106 1
1536 4049 1670 4104 haud
1708 4051 1871 4103 iunior
1908 4051 2172 4114 Heinsius,
2213 4046 2406 4114 turpior

264 4117 485 4174 Iahnius
516 4127 523 4188 Ι
556 4125 586 4176 8
624 4126 775 4185 nocte
811 4122 1047 4191 conieci!
1084 4121 1190 4174 xm
1230 4126 1252 4174 1
1297 4119 1555 4188 precidere
