2881 4580
464 270 547 329 32
1375 268 1679 323 PETRONII

465 446 580 506 hoc
609 445 797 506 solum
828 452 1024 505 vetare
1069 462 1182 504 nec
1211 443 1363 504 Iovis
1393 451 1603 522 potest.
1664 442 1839 516 rides,
1870 441 2194 502 Fortunata
2212 488 2226 516 ,
2275 460 2422 521 quae
2452 440 2608 502 soles
2627 449 2689 500 Η

466 549 562 591 me
593 539 768 591 nocte
796 531 1138 591 desomnem
1171 525 1409 589 facere?
1470 546 1580 588 nec
1610 536 1803 588 tamen
1837 527 1897 588 in
1929 527 2185 588 triclinio
2216 526 2402 587 ullum
2432 534 2605 587 vetuo

468 617 663 676 facere
689 614 843 693 quod
876 634 938 676 se
969 614 1144 687 iuvet,
1176 622 1234 674 et
1262 613 1474 674 medici
1502 620 1702 674 vetant
1730 612 2058 674 continere.
2103 612 2193 672 vel
2223 612 2272 673 si
2303 612 2441 690 quid
2473 611 2608 691 plus

468 700 645 773 venit,
677 700 872 760 omnia
904 700 1059 760 foras
1088 709 1286 779 parata
1318 708 1487 760 sunt:
1532 716 1702 777 aqua,
1746 697 1931 758 lasani
1962 706 2020 757 et
2052 705 2247 758 cetera
2281 696 2605 758 minutalia.

467 784 691 845 credite
734 785 906 857 mihi,
970 784 1384 864 anathymiasis
1427 785 1487 844 in
1535 782 1845 843 cerebrum
1889 782 1935 842 it
1977 790 2036 843 et
2078 783 2150 843 in·
2187 790 2312 843 toto
2358 800 2611 861 corpore
2656 793 2685 842 5

468 870 712 931 fluctum
742 870 899 931 facit.
957 869 1175 929 multos
1205 868 1326 930 scio
1370 868 1456 929 sic
1499 868 1777 947 periisse,
1822 869 1961 929 dum
2007 867 2221 928 nolunt
2264 867 2377 929 sibi
2405 885 2612 929 verum

469 954 702 1016 dicere'.
762 954 976 1032 gratias
1004 954 1227 1031 agimus
1256 953 1588 1014 liberalitati
1617 952 2136 1031 indulgentiaeque
2165 953 2322 1025 eiuS,
2368 961 2427 1012 et
2470 953 2612 1014 sub-

471 1040 606 1100 inde
651 1040 1002 1117 castigamus
1047 1038 1270 1100 crebris
1313 1037 1688 1118 potiunculis¹
1717 1038 1919 1098 risum.
1981 1054 2090 1097 nec
2149 1037 2339 1099 adhuc
2383 1036 2613 1099 scieba-

470 1143 603 1185 mus
634 1143 744 1186 nos
775 1125 836 1184 in
867 1123 1059 1185 medio
1092 1123 1479 1197 lautitiarum,
1528 1121 1683 1202 quod
1717 1123 1914 1195 aiunt,
1946 1121 2094 1183 clivo
2124 1122 2411 1183 laborare.
2473 1140 2609 1183 nam

468 1228 606 1270 cum
640 1208 932 1270 mundatis
961 1208 1032 1268 ad
1062 1208 1469 1288 symphoniam
1500 1208 1720 1268 mensis
1749 1216 1872 1268 tres
1901 1207 2016 1267 albi
2046 1226 2182 1268 sues
2202 1208 2262 1268 in
2288 1207 2613 1268 triclinium
2661 1216 2722 1267 10

470 1294 703 1355 adducti
733 1302 875 1354 sunt
903 1293 1171 1373 capistris
1203 1303 1259 1355 et
1282 1292 1693 1354 tintinnabulis
1716 1292 1877 1365 culti,
1902 1311 2152 1371 quorum
2175 1311 2362 1354 unum
2388 1292 2613 1355 bimum

473 1379 924 1440 nomenculator
968 1398 1097 1440 esse
1141 1378 1403 1452 dicebat,
1451 1377 1695 1438 alterum
1727 1378 1996 1451 trimum,
2045 1378 2281 1439 tertium
2325 1396 2465 1438 vero
2498 1377 2615 1437 iam

472 1483 821 1537 sexennem,
868 1483 978 1542 ego
1009 1463 1282 1543 putabam
1317 1462 1756 1542 petauristarios
1784 1461 2036 1523 intrasse
2068 1471 2126 1522 et
2167 1481 2413 1541 porcos,
2460 1461 2616 1524 sicut

472 1550 532 1610 in
567 1549 799 1611 circulis
829 1567 957 1610 mos
988 1558 1093 1621 est,
1125 1556 1399 1627 portenta
1430 1547 1625 1626 aliqua
1654 1548 1943 1622 facturos3
1990 1548 2089 1609 sed
2122 1547 2478 1609 Trimalchio
2510 1566 2616 1608 ex-

471 1634 807 1713 pectatione
853 1634 1111 1695 discussa
1147 1632 1363 1711 ‘quem’
1395 1633 1590 1711 inquit
1623 1637 1713 1692 ‘ex
1758 1632 1843 1693 eis
1885 1632 2059 1694 vultis
2087 1633 2147 1694 in
2182 1650 2389 1693 cenam
2419 1633 2614 1695 statim
2663 1640 2721 1691 15

472 1717 645 1779 fieri?
705 1718 917 1796 gallum
951 1719 1108 1778 enim
1140 1717 1557 1797 gallinaceum,
1590 1716 1969 1795 penthiacum
2001 1726 2060 1778 et
2088 1717 2374 1779 eiusmodi
2405 1717 2615 1778 nenias

474 1803 677 1864 rustici
709 1803 961 1864 faciunt:
994 1802 1109 1863 mei
1141 1803 1267 1863 coci
1299 1802 1473 1862 etiam
1504 1801 1716 1864 vitulos
1744 1820 1893 1862 aeno
1926 1811 2127 1863 coctos
2156 1802 2352 1864 solent
2380 1802 2613 1864 facere'.

474 1888 878 1965 continuoque
922 1906 1128 1948 cocum
1172 1887 1367 1947 vocari
1412 1886 1611 1959 iussit,
1669 1895 1727 1948 et
1783 1906 1906 1947 non
1968 1895 2269 1968 expectata
2325 1888 2616 1948 electione

477 1982 675 2033 nostra
707 1972 1019 2032 maximum
1055 1982 1194 2033 natu
1225 1971 1394 2033 iussit
1423 1971 1643 2046 occidi,
1691 1980 1749 2032 et
1778 1972 1930 2032 clara
1960 1991 2134 2033 voce:
2182 1978 2272 2033 ‘ex
2304 1981 2478 2051 quota
2511 1972 2617 2033 de-

475 2057 635 2118 curia
666 2055 787 2118 es‘2’
848 2076 983 2118 cum
1014 2057 1110 2117 ille
1138 2076 1200 2118 se
1231 2076 1302 2117 ex
1333 2056 1778 2135 quadragesima
1808 2057 2241 2136 respondisset,
2288 2058 2621 2136 ‘empticius
2663 2066 2726 2117 20

475 2142 569 2203 an’
600 2142 794 2221 inquit
823 2143 997 2203 ‘domi
1032 2150 1205 2203 natus
1219 2139 1266 2202 ‘3’
1329 2141 1644 2202 ‘neutrum'
1677 2142 1869 2220 inquit
1898 2159 2077 2203 cocus
2110 2143 2230 2204 ‘sed
2265 2151 2618 2203 testamento

477 2229 699 2289 Pansae
742 2226 849 2287 tibi
894 2227 1135 2288 relictus
1178 2226 1346 2288 sum.'
1411 2226 1559 2287 ‘vide
1604 2225 1765 2307 ergo'
1811 2227 1889 2287 ait
1932 2231 2019 2288 ‘ut
2049 2226 2362 2306 diligenter
2390 2245 2615 2308 ponas;

481 2315 527 2375 si
562 2333 681 2375 non
703 2360 718 2388 ,
763 2323 822 2375 te
853 2313 1069 2374 iubebo
1114 2314 1175 2374 in
1225 2312 1524 2374 decuriam
1553 2313 1837 2373 viatorum
1873 2313 2105 2374 conici.'
2153 2321 2211 2373 et
2240 2332 2450 2375 cocum
2482 2313 2618 2391 qui-

371 2394 454 2456 48
477 2400 606 2460 dem
637 2400 934 2478 potentiae
962 2398 1326 2459 admonitum
1369 2398 1430 2458 in
1478 2397 1731 2458 culinam
1779 2397 2092 2459 obsonium
2124 2398 2319 2473 duxit,
2366 2398 2617 2460 Trimal-

477 2484 606 2544 chio
636 2494 830 2545 autem
861 2484 989 2545 miti
1019 2484 1089 2544 ad
1134 2503 1243 2544 nos
1271 2482 1434 2543 vultu
1479 2483 1736 2561 respexit
1779 2490 1838 2543 et
1880 2482 2118 2543 ‘vinum’
2149 2484 2342 2561 inquit
2374 2484 2448 2544 ‘si
2495 2503 2635 2554 non,
2667 2494 2726 2544 25

475 2569 683 2649 placet,
714 2569 986 2644 mutabo;
1017 2587 1120 2629 vos
1149 2568 1290 2629 illud
1323 2577 1559 2646 oportet
1585 2566 1808 2627 bonum
1855 2567 2095 2629 faciatis.
2155 2569 2401 2630 deorum
2433 2569 2621 2629 bene-

476 2655 610 2715 ficio
656 2673 776 2714 non
826 2672 988 2726 emo,
1036 2653 1135 2713 sed
1182 2670 1345 2712 nunc
1376 2651 1654 2729 quicquid
1700 2653 1768 2712 ad
1814 2652 2049 2713 salivam
2096 2654 2265 2726 facit,
2311 2654 2371 2714 in
2403 2653 2622 2715 subur-

476 2739 632 2799 bano
677 2738 941 2798 nascitur
983 2755 1086 2810 eo,
1145 2736 1303 2813 quod
1351 2755 1461 2814 ego
1506 2736 1696 2796 adhuc
1743 2756 1861 2797 non
1910 2738 2063 2798 novi.
2124 2738 2338 2799 dicitur
2381 2739 2622 2799 confine

481 2841 608 2884 esse
653 2821 1201 2883 Tarraciniensibus
1260 2829 1320 2880 et
1363 2821 1718 2882 Tarentinis.
1801 2840 1965 2883 nunc
2013 2823 2377 2901 coniungere
2420 2823 2623 2902 agellis

482 2907 731 2968 Siciliam
777 2906 945 2980 volo,
990 2916 1058 2967 ut
1101 2925 1236 2968 cum
1267 2906 1521 2966 Africam
1567 2905 1803 2968 libuerit
1832 2907 1946 2981 ire,
1994 2926 2102 2987 per
2143 2926 2306 2969 meos
2334 2909 2485 2969 fines
2516 2926 2626 2968 na·
2670 2916 2731 2967 30

479 2992 689 3071 vigem.
750 2993 850 3053 sed
900 3010 1070 3053 narra
1115 3002 1177 3052 tu
1224 2991 1405 3065 mihi,
1452 2993 1893 3069 Agamemnon,
1939 3011 2114 3071 quam
2160 2993 2624 3054 controversiam

479 3076 653 3137 hodie
683 3075 1063 3139 declamasti?
1109 3096 1217 3156 ego
1250 3076 1421 3137 etiam
1453 3077 1503 3138 si
1536 3094 1737 3138 causas
1769 3096 1891 3138 non
1924 3096 2066 3158 ago,
2111 3078 2173 3138 in
2212 3078 2626 3140 domusionem

482 3171 677 3223 tamen
710 3162 906 3224 literas
937 3162 1130 3224 didici.
1193 3172 1251 3223 et
1281 3180 1357 3222 ne
1392 3180 1484 3223 me
1513 3170 1688 3242 putes
1716 3162 1903 3222 studia
1934 3162 2277 3235 fastiditum,
2308 3163 2361 3224 ΙΙ
2392 3163 2625 3243 byblio-

480 3248 678 3309 thecas
720 3248 942 3323 habeo,
1000 3266 1180 3308 unam
1227 3247 1545 3319 Graecam,
1606 3246 1845 3307 alteram
1888 3248 2174 3308 Latinam.
2234 3249 2326 3309 dic
2358 3266 2530 3328 ergo,
2575 3248 2627 3309 si

482 3351 576 3393 me
607 3351 779 3405 amaS,
811 3333 1137 3412 peristasim
1169 3331 1611 3393 declamationis
1634 3331 1807 3392 tuae'.
1867 3351 2002 3393 cum
2049 3332 2288 3394 dixisset
2316 3335 2628 3412 Agamem·
2671 3340 2732 3391 85

484 3438 639 3479 non:
701 3422 947 3497 ‘pauper
989 3429 1047 3479 et
1090 3417 1249 3477 dives
1294 3416 1517 3477 inimici
1563 3415 1766 3491 erant',
1811 3417 1889 3477 ait
1935 3417 2287 3479 Trimalchio
2333 3418 2490 3497 ‘quid
2537 3426 2628 3480 est

483 3521 709 3582 pauper
728 3500 777 3562 ‘l'
823 3503 1088 3564 ‘urbane'
1135 3502 1328 3580 inquit
1372 3502 1776 3578 Agamemnon
1822 3511 1881 3563 et
1924 3502 2125 3564 nescio
2174 3522 2345 3582 quam
2379 3511 2627 3564 contro-

483 3587 729 3647 versiam
775 3588 1064 3666 exposuit.
1123 3588 1316 3648 statim
1348 3585 1702 3647 Trimalchio
1735 3587 1885 3649 ‘hoc'
1916 3587 2110 3666 inquit
2139 3588 2207 3648 ‘si
2252 3588 2472 3649 factum
2518 3596 2626 3662 est,

486 3672 884 3734 controversia
915 3692 1037 3733 non
1071 3682 1191 3747 est;
1222 3673 1271 3733 si
1302 3672 1521 3731 factum
1555 3690 1676 3731 non
1711 3681 1818 3746 est,
1851 3673 1995 3733 nihil
2027 3672 2150 3734 est'.
2210 3672 2356 3733 haec
2398 3673 2628 3752 aliaque

484 3775 624 3817 cum
650 3756 1012 3817 effusissimis
1032 3774 1534 3837 prosequeremur
1556 3756 2004 3832 laudationibuS,
2036 3757 2220 3835 ‘rogo’
2244 3757 2438 3837 inquit
2461 3760 2632 3837 ‘Aga-
2675 3767 2736 3818 40

659 3892 683 3943 1
723 3892 926 3940 conieci
976 3894 1169 3943 mutare
1207 3889 1227 3958 ΙΙ
1263 3894 1292 3943 2
1329 3891 1469 3942 vetui
1503 3891 1522 3958 Η
1560 3893 1591 3943 9
1628 3906 1729 3957 quo
1767 3891 1787 3957 ΙΙ
1828 3893 1890 3942 10
1927 3889 2297 3941 commundatis
2333 3892 2579 3941 Heinsius
2612 3890 2632 3956 ΙΙ

492 3958 553 4009 13
591 3972 763 4008 senem
791 3959 900 4024 1119
936 3959 1007 4009 ait
1053 3964 1149 4009 aut
1194 3959 1360 4026 inquit
1387 3964 1516 4025 post
1548 3965 1703 4025 quota
1753 3959 2091 4009 adiciendum
2116 3958 2136 4024 ΙΙ
2163 3961 2223 4013 21
2264 3963 2414 4010 natus
2451 3973 2507 4010 es
2538 3959 2633 4009 sed

488 4038 544 4075 es
581 4025 806 4076 deletum
829 4025 848 4094 ΙΙ
877 4028 940 4079 23
978 4026 1181 4094 quidem
1209 4042 1385 4080 cocum
1413 4026 1641 4093 potentia
1667 4026 1686 4093 11
1712 4028 1777 4079 32
1801 4031 1970 4079 autem
1997 4027 2040 4077 si
2070 4028 2080 4093 Ι
2111 4026 2362 4078 divisione
2390 4027 2496 4093 1133
2523 4030 2630 4078 tres
