2881 4580
253 1824 374 1885 112

427 283 460 342 7
470 286 505 343 8
1348 286 1652 339 PETRONll

426 459 680 522 eundem
726 478 855 521 esse
894 460 1112 520 exitum
1147 454 1296 544 [sed]
1328 470 1389 521 et
1416 461 1575 521 idem
1605 458 2001 533 domicilium,
2047 470 2107 521 et
2135 469 2328 522 cetera
2358 461 2704 540 quibusLo

425 545 793 608 exulceratae
836 554 1065 606 mentes
1103 547 1172 606 ad
1206 546 1516 607 sanitatem
1548 554 1921 606 revocantur.
1982 554 2042 606 at
2070 545 2168 606 illa
2195 546 2399 626 ignota
2428 556 2582 608 con-

424 630 712 692 solatione
742 649 1023 709 percussa
1052 631 1325 692 laceravit
1354 631 1763 692 vehementius
1792 639 2002 709 pectus
2032 640 2358 712 ruptosque
2380 632 2583 694 crines

425 734 608 796 super
650 733 870 795 corpus
913 717 1157 777 iacentis
1201 717 1501 795 imposuit.
1564 735 1686 776 non
1719 715 1964 777 recessit
1994 725 2189 777 tamen
2227 717 2428 790 miles,
2473 719 2579 779 sed

426 803 629 863 eadem
684 802 1094 863 exhortatione
1138 803 1445 881 temptavit
1487 801 1624 862 dare
1670 801 2050 863 mulierculae
2095 801 2326 876 cibum,
2386 802 2581 864 donec
2626 813 2659 862 5

424 887 634 948 ancilla
678 887 798 947 vini
843 896 1004 948 certe
1035 885 1109 946 ab
1140 906 1211 948 eo
1244 887 1424 947 odore
1458 896 1736 967 corrupta
1767 887 2022 967 primum
2054 887 2181 967 ipsa
2211 888 2476 967 porrexit
2504 888 2579 949 ad

424 972 848 1034 humanitatem
880 972 1176 1033 invitantis
1204 972 1411 1034 victam
1445 990 1719 1048 manum,
1750 972 1964 1033 deinde
1995 973 2214 1034 refecta
2244 973 2488 1053 potione
2519 984 2582 1033 et

424 1058 558 1119 cibo
604 1074 945 1137 expugnare
990 1057 1261 1118 dominae
1305 1058 1692 1138 pertinaciam
1737 1058 1934 1138 coepit
1972 1066 2030 1118 et
2062 1057 2241 1136 “quid
2274 1058 2580 1138 proderit'’

421 1143 616 1223 inquit
645 1143 799 1203 “hoc
830 1143 967 1215 tibi,
1009 1143 1058 1204 si
1088 1143 1278 1203 soluta
1310 1143 1503 1204 inedia
1533 1143 1747 1216 fueris,
1778 1143 1826 1204 si
1857 1152 1916 1203 te
1947 1142 2131 1203 vivam
2162 1144 2494 1223 sepelieris,
2528 1144 2580 1205 si

421 1241 739 1308 autequam
770 1228 883 1289 fata
914 1237 1181 1307 poscant,
1212 1229 1618 1290 indemnatum
1649 1228 1923 1307 spiritum
1953 1226 2278 1289 effuderis?
2627 1237 2693 1288 1ο

725 1313 783 1373 id
817 1314 1078 1375 cinerem
1110 1323 1212 1375 aut
1240 1332 1445 1375 manes
1475 1314 1668 1375 credis
1697 1313 1922 1375 sentire
1946 1311 2252 1394 sepultos?

420 1399 505 1459 vis
533 1408 599 1459 tu
624 1397 1014 1460 reviviscere?
1045 1400 1130 1461 vis
1153 1400 1419 1461 discusso
1446 1398 1718 1460 muliebri
1741 1417 1966 1473 errore,
1998 1417 2173 1477 quam
2198 1398 2301 1458 diu
2323 1398 2577 1474 licuerit,

421 1484 570 1545 lucis
614 1484 940 1546 commodis
982 1482 1145 1546 frui?
1190 1486 1385 1564 ipsum
1415 1495 1476 1544 te
1507 1485 1753 1546 iacentis
1783 1502 2003 1563 corpus
2033 1484 2351 1545 admonere
2380 1483 2575 1558 debet,

422 1576 488 1630 ut
529 1569 741 1630 vivas'’.
802 1587 977 1630 nemo
1023 1570 1240 1631 invitus
1284 1570 1476 1643 audit,
1522 1589 1655 1631 cum
1702 1571 1936 1650 cogitur
1979 1579 2081 1630 aut
2111 1570 2304 1629 cibum
2337 1587 2575 1630 sumere

420 1663 523 1714 aut
563 1655 776 1715 vivere.
839 1655 1034 1734 itaque
1079 1656 1292 1717 mulier
1321 1656 1547 1734 aliquot
1577 1655 1805 1717 dierum
1834 1653 2191 1717 abstinentia
2221 1655 2375 1716 sicca
2406 1673 2579 1734 passa
2627 1664 2691 1714 15

422 1748 512 1800 est
551 1739 743 1818 frangi
788 1740 1173 1818 pertinaciam
1218 1759 1417 1813 suam,
1466 1759 1580 1802 nec
1622 1741 1820 1802 minus
1864 1739 2027 1800 avide
2071 1739 2317 1818 replevit
2344 1757 2407 1800 se
2439 1740 2574 1800 cibo

418 1842 597 1903 quam
627 1824 859 1898 ancilla,
892 1843 1041 1903 quae
1072 1826 1240 1906 prior
1270 1826 1418 1886 victa
1450 1835 1556 1887 est.
1618 1834 1880 1887 ceterum
1912 1825 2105 1899 scitis,
2138 1825 2276 1903 quid
2308 1825 2574 1903 plerum-

420 1926 536 1988 que
580 1909 765 1970 soleat
805 1917 1092 1989 temptare
1132 1911 1450 1972 humanam
1482 1911 1827 1972 satietatem.
1888 1908 2105 1990 quibus
2135 1909 2431 1972 blanditiis
2459 1911 2573 1971 im-

417 2001 749 2074 petraverat
792 1994 990 2069 mileS,
1036 2006 1103 2057 ut
1143 2005 1416 2058 matrona
1449 1996 1619 2058 vellet
1651 1998 1871 2069 vivere,
1916 1996 2103 2058 isdem
2134 1996 2308 2056 etiam
2344 1995 2570 2073 pudici-

418 2080 555 2140 tiam
603 2081 729 2141 eius
773 2098 1084 2159 aggressus
1128 2092 1235 2143 est.
1313 2101 1425 2143 nec
1472 2082 1753 2143 deformis
1796 2091 1898 2142 aut
1941 2080 2299 2142 infacundus
2341 2081 2575 2142 iuvenis
2621 2090 2685 2141 20

419 2174 610 2226 castae
640 2164 972 2239 videbatur,
1018 2168 1374 2228 conciliante
1403 2168 1646 2245 gratiam
1679 2167 1890 2228 ancilla
1921 2186 1990 2228 ac
2020 2166 2274 2228 subinde
2304 2165 2566 2227 dicente:

1132 2253 1469 2334 “placitone
1499 2253 1671 2316 etiam
1702 2252 1994 2334 pugnabis
2024 2249 2255 2313 amori?

588 2357 700 2400 nec
729 2339 891 2400 venit
919 2339 980 2399 in
1012 2348 1306 2411 mentem,
1349 2358 1605 2419 quorum
1636 2338 1975 2401 consederis
2005 2335 2236 2400 arvis?”

419 2424 558 2501 quid
603 2424 821 2485 diutius
865 2422 1111 2486 moror?
1170 2445 1245 2486 ne
1289 2426 1445 2486 hanc
1490 2426 1725 2504 quidem
1770 2434 1996 2505 partem
2043 2422 2312 2503 corporis
2356 2421 2570 2482 mulier

417 2509 731 2585 abstinuit,
778 2511 1082 2588 victorque
1125 2512 1294 2572 miles
1337 2518 1658 2589 utrumque
1700 2510 2009 2589 persuasit.
2070 2510 2381 2570 iacuerunt
2424 2525 2569 2586 ergo
2618 2519 2679 2569 25

418 2613 538 2655 uua
583 2614 704 2655 non
752 2604 980 2656 tantum
1027 2596 1123 2656 illa
1169 2604 1374 2671 nocte,
1423 2614 1538 2674 qua
1583 2596 1820 2675 nuptias
1850 2596 2151 2665 fecerunt,
2195 2594 2296 2656 sed
2328 2601 2568 2672 postero

420 2680 593 2740 etiam
638 2697 706 2741 ac
750 2681 927 2741 tertio
972 2680 1098 2753 die,
1159 2682 1485 2760 praeclusis
1528 2681 1796 2742 videlicet
1838 2680 2151 2742 conditorii
2196 2676 2455 2751 foribus,
2501 2687 2570 2738 ut

419 2766 687 2843 quisquis
731 2784 802 2825 ex
847 2765 1004 2826 notis
1045 2766 1383 2844 ignotisque
1417 2767 1489 2827 ad
1519 2777 1973 2827 monumentum
2002 2765 2288 2838 venisset,
2333 2771 2572 2842 putaret

419 2850 715 2928 expirasse
738 2868 919 2928 super
941 2869 1160 2929 corpus
1182 2852 1287 2912 viri
1311 2852 1750 2931 pudicissimam
1772 2869 2037 2912 uxorem.
2083 2859 2346 2911 ceterum
2368 2847 2567 2909 delec-

418 2943 573 2995 tatus
601 2934 768 2995 miles
797 2944 855 2995 et
884 2936 1070 2996 forma
1100 2936 1364 2999 mulieris
1394 2946 1456 2998 et
1483 2946 1731 3012 secreto,
1764 2935 2044 3015 quicquid
2073 2935 2218 2997 boni
2249 2953 2359 3016 per
2379 2935 2566 2995 facul·
2614 2943 2677 2994 30

417 3027 567 3080 tates
610 3028 874 3099 poterat,
919 3022 1224 3083 coemebat
1267 3032 1324 3084 et
1369 3024 1557 3102 prima
1587 3022 1780 3084 statim
1811 3031 1988 3083 nocte
2017 3021 2078 3082 in
2110 3027 2566 3083 monumentum

418 3104 663 3166 ferebat.
735 3106 932 3184 itaque
989 3108 1167 3168 unius
1225 3109 1500 3170 cruciarii
1555 3116 1835 3188 parentes
1879 3116 1945 3168 ut
1999 3107 2276 3167 viderunt
2317 3106 2565 3166 laxatam

419 3191 762 3266 custodiam,
794 3193 1100 3254 detraxere
1131 3202 1307 3254 nocte
1336 3194 1694 3274 pendentem
1718 3211 2117 3272 supremoque
2138 3192 2569 3253 mandaverunt

419 3278 635 3340 officio.
696 3285 755 3338 at
782 3277 950 3339 miles
980 3279 1463 3359 circumscriptus
1490 3279 1632 3339 dum
1662 3279 1903 3351 desidet,
1935 3287 2001 3338 ut
2030 3286 2269 3356 postero
2301 3277 2394 3337 die
2423 3274 2566 3336 vidit

419 3381 598 3424 uuam
643 3364 773 3425 sine
819 3365 1099 3425 cadavere
1144 3382 1413 3438 crucem,
1460 3364 1677 3425 veritus
1720 3363 2109 3443 supplicium,
2156 3361 2390 3423 mulieri
2420 3360 2562 3440 quid
2608 3370 2669 3420 35

419 3449 725 3510 accidisset
753 3450 1028 3530 exponit:
1076 3468 1189 3510 nec
1219 3469 1282 3510 se
1314 3458 1759 3530 expectaturum
1789 3448 1998 3510 iudicis
2027 3448 2382 3509 sententiam
2401 3493 2417 3520 ,
2461 3446 2563 3507 sed

420 3532 611 3611 gladio
642 3535 735 3596 ius
764 3535 1059 3597 dicturum
1090 3535 1353 3613 ignaviae
1384 3553 1544 3595 suae.
1590 3533 1992 3595 commodaret
2013 3551 2157 3611 ergo
2179 3533 2275 3593 illa
2296 3532 2565 3611 perituro

596 3789 619 3838 1
661 3785 876 3838 eandem
912 3802 1025 3840 esse
1060 3786 1251 3851 sedem,
1288 3786 1425 3838 idem
1458 3788 1539 3837 sic
1570 3785 1686 3847 scre
1718 3785 2002 3836 Ber-nemis
2028 3785 2106 3849 114
2139 3799 2294 3849 super
2329 3787 2510 3849 pectus
2544 3783 2563 3850 ΙΙ

423 3856 454 3906 6
490 3860 627 3907 certe
664 3855 727 3906 ab
765 3870 827 3907 eo
865 3860 961 3905 aut
995 3855 1137 3908 cerui
1171 3856 1300 3907 abeo
1338 3854 1485 3920 quod
1516 3856 1575 3903 in
1616 3852 1656 3903 0
1692 3852 1968 3917 legebatur
2005 3855 2187 3903 omisit
2210 3852 2286 3903 L:
2322 3857 2561 3903 nectareo

417 3922 540 3974 LF'.
559 3922 902 3990 Gronoviusfl
932 3926 989 3975 11
1030 3939 1202 3975 curare
1237 3923 1530 3973 secundum
1558 3922 1855 3986 Vergilium
1891 3922 2020 3971 libri
2050 3922 2217 3987 pauci
2240 3920 2259 3987 ΙΙ
2290 3922 2350 3973 13
2387 3918 2560 3982 debet]

418 3997 590 4058 potest
622 3991 669 4043 L
709 3992 729 4057 ΙΙ
774 3993 839 4044 23
876 3994 1077 4042 omittit
1106 3992 1435 4056 florilegium
1485 3990 1505 4057 ΙΙ
1547 3991 1612 4042 28
1649 3994 1879 4054 putasset
1902 3988 1922 4056 ΙΙ
1949 3992 2015 4041 32
2051 3989 2261 4040 cruciati
2297 3989 2565 4039 Iohannes

416 4059 833 4111 saresber-semis
858 4059 878 4127 ΙΙ
903 4061 971 4113 34
1005 4059 1194 4112 residet
1233 4059 1273 4110 0
1300 4060 1406 4126 {137
1446 4059 1588 4124 ergo]
1626 4057 1779 4108 modo
1816 4058 1944 4108 libri
1977 4059 2169 4124 optimi
