2881 4580
267 1857 390 1918 127

430 241 514 298 94
1359 239 1667 293 PETRONII

435 433 573 476 nam
619 412 900 493 quicquid
946 412 1179 484 dixero,
1225 411 1424 473 minus
1468 413 1597 473 erit.
1657 412 1854 473 crines
1897 413 2142 491 ingenio
2173 432 2283 474 suo
2312 413 2447 474 flexi
2479 420 2708 493 perLo

433 509 590 562 totos
633 517 697 561 se
727 514 966 560 umeros
995 497 1356 570 effuderant,
1403 498 1572 558 frons
1601 496 1845 558 minima
1875 507 1934 559 et
1965 515 2117 576 quae
2148 497 2376 559 radices
2405 499 2594 577 capil-

432 586 627 647 lorum
672 591 833 645 retro
876 583 1144 655 flexerat,
1190 582 1505 661 supercilia
1551 600 1743 661 usque
1785 582 1859 643 ad
1905 583 2191 644 malarum
2233 583 2593 662 scripturam

432 669 733 732 currentia
762 678 822 729 et
851 685 1059 729 rursus
1088 667 1352 728 confinio
1384 667 1678 729 luminum
1707 685 1897 747 paene
1926 667 2218 748 permixta
2239 712 2255 740 ‚
2288 667 2446 729 oculi
2479 668 2600 728 cla-

433 755 622 817 riores
665 752 850 817 stellis
894 760 1056 815 extra
1099 751 1302 812 lunam
1345 752 1744 830 fulgentibus,
1793 769 1967 815 nares
2008 752 2315 833 paululum
2346 752 2598 814 inflexae
2644 756 2675 804 5

436 848 495 901 et
533 839 804 902 osculum
847 837 1021 917 quale
1065 836 1387 898 Praxiteles
1418 836 1639 898 habere
1673 837 1919 899 Dianam
1949 837 2217 898 credidit.
2277 838 2392 898 iam
2424 855 2602 898 men-

435 933 597 998 tum,
630 925 743 985 iam
775 923 1005 996 cervix,
1037 923 1152 983 iam
1183 940 1428 995 manus,
1461 922 1574 983 iam
1608 921 1826 1003 pedum
1860 923 2084 984 candor
2112 922 2269 983 intra
2300 922 2427 983 auri
2460 940 2601 1002 gra·

437 1009 547 1071 cile
590 1008 891 1070 vinculum
936 1007 1195 1087 positus:
1242 1006 1480 1068 Parium
1522 1026 1785 1068 marmor
1815 1008 2161 1069 extinxerat.
2222 1008 2419 1085 itaque
2450 1016 2601 1068 tunc

435 1094 694 1174 primum
725 1092 940 1154 Dorida
968 1099 1135 1154 vetus
1165 1099 1390 1152 amator
1419 1093 1753 1171 contempsi

1498 1198 1532 1235 *

645 1261 787 1342 quid
816 1263 1037 1322 factum
1069 1268 1175 1334 est,
1208 1261 1366 1339 quod
1397 1270 1464 1322 tu
1494 1261 1795 1341 proiectis,
1827 1260 2110 1341 luppiter,
2143 1261 2322 1322 armis
2648 1263 2713 1314 1⁰

739 1346 897 1408 inter
923 1346 1232 1408 caelicolas
1261 1345 1460 1407 fabula
1489 1354 1652 1407 muta
1692 1344 1894 1407 taces?

648 1450 811 1493 nunc
857 1440 985 1492 erat
1027 1449 1060 1491 a
1103 1440 1267 1492 torva
1310 1431 1661 1493 submittere
1693 1449 1917 1492 cornua
1949 1431 2167 1505 fronte,

739 1534 904 1577 nunc
932 1515 1131 1595 pluma
1163 1534 1343 1579 canos
1372 1516 1742 1578 dissimulare
1773 1524 1929 1577 tuoS.

646 1603 791 1662 haec
824 1618 956 1662 vera
988 1610 1078 1662 est
1108 1601 1324 1662 Danae.
1384 1609 1608 1680 tempta
1637 1601 1811 1662 modo
1841 1610 2088 1679 tangere
2116 1617 2358 1679 corpus,

736 1686 852 1747 iam
881 1694 980 1746 tua
1010 1686 1361 1747 flammifero
1392 1685 1661 1748 membra
1690 1686 1888 1748 calore
1917 1686 2110 1746 fluent
2641 1686 2705 1739 15

1508 1793 1541 1829 *

605 1854 892 1916 delectata
938 1854 1033 1916 illa
1064 1856 1193 1917 risit
1223 1863 1341 1915 tam
1385 1855 1669 1917 blandum
1688 1902 1704 1928 ‚
1749 1864 1817 1917 ut
1843 1855 2145 1916 videretur
2174 1854 2315 1914 mihi
2344 1852 2596 1931 plenum

441 1959 508 2001 os
538 1948 699 2000 extra
731 1939 952 2000 nubem
984 1939 1124 2000 luna
1155 1941 1444 2020 proferre.
1490 1959 1628 2002 mox
1657 1940 1854 2019 digitis
1883 1938 2356 2018 gubernantibus
2384 1956 2595 1999 vocem

436 2024 504 2085 ‘si
552 2044 674 2086 non
723 2024 966 2085 fastidis'
1008 2025 1204 2103 inquit
1247 2026 1549 2086 ‘feminam
1594 2033 1864 2087 ornatam
1907 2033 1966 2086 et
1993 2024 2110 2085 hoc
2139 2024 2396 2103 primum
2427 2041 2594 2084 anno

434 2110 624 2171 virum
654 2117 976 2188 expertam,
1008 2109 1263 2171 concilio
1294 2109 1420 2185 tibi,
1456 2130 1491 2171 o
1523 2111 1771 2183 iuvenis,
1801 2127 2091 2172 sororem.
2148 2108 2330 2169 habes
2358 2116 2427 2168 tu
2457 2109 2593 2186 qui-

435 2195 567 2256 dem
600 2203 660 2256 et
688 2196 964 2267 fratrem,
1000 2214 1192 2275 neque
1224 2195 1386 2256 enim
1415 2214 1512 2256 me
1545 2195 1735 2274 piguit
1763 2195 2099 2274 inquirere,
2141 2194 2245 2255 sed
2276 2193 2419 2272 quid
2449 2210 2594 2271 pro·
2641 2200 2707 2250 20

432 2280 596 2342 hibet
639 2289 701 2342 et
742 2299 1008 2342 sororem
1051 2278 1379 2361 adoptare?
1423 2279 1631 2343 eodem
1676 2279 1861 2360 gradu
1892 2280 2083 2341 venio.
2144 2288 2207 2341 tu
2243 2286 2474 2340 tantum
2502 2276 2595 2338 di-

431 2383 615 2444 gnare
639 2373 698 2427 et
718 2384 916 2426 meum
942 2366 1231 2440 osculum,
1249 2384 1385 2428 cum
1409 2365 1673 2438 libuerit,
1697 2365 2060 2444 agnoscere'.
2106 2363 2325 2425 ‘immo’
2348 2364 2596 2442 inquam

433 2469 542 2530 ego
576 2455 704 2530 ‘per
732 2452 981 2511 formam
1014 2461 1174 2512 tuam
1205 2462 1264 2511 te
1293 2470 1464 2528 rogo,
1498 2469 1574 2511 ne
1596 2451 1854 2512 fastidias
1876 2450 2184 2511 hominem
2206 2447 2593 2529 peregrinum

431 2535 589 2597 inter
620 2537 880 2597 cultores
907 2536 1236 2597 admittere.
1299 2536 1565 2597 invenies
1595 2535 1969 2615 religiosum,
2014 2535 2066 2596 si
2093 2545 2153 2596 te
2182 2534 2414 2595 adorari
2444 2550 2587 2613 per-

430 2620 678 2682 miseriS.
740 2639 808 2681 ac
853 2639 932 2681 ne
974 2639 1068 2681 me
1111 2621 1337 2682 iudices
1377 2621 1446 2681 ad
1479 2622 1593 2682 hoc
1623 2621 1912 2700 templum
1944 2620 2176 2680 Amoris
2206 2618 2388 2699 gratis
2416 2635 2592 2678 acce·
2637 2625 2701 2675 25

430 2706 604 2781 dere,
651 2706 811 2766 dono
854 2704 961 2766 tibi
1005 2706 1244 2766 fratrem
1288 2705 1528 2766 meum.'
1616 2704 1823 2784 ‘quid‘l
1866 2704 1950 2766 tu'
1995 2705 2191 2784 inquit
2235 2704 2335 2765 illa
2380 2703 2592 2764 ‘donas

431 2790 576 2850 mihi
620 2808 789 2863 eum,
834 2790 964 2850 sine
1010 2808 1129 2868 quo
1177 2809 1298 2850 non
1333 2799 1503 2869 potes
1532 2791 1754 2862 vivere,
1801 2808 1872 2851 ex
1902 2791 2074 2852 cuius
2104 2789 2310 2851 osculo
2339 2789 2590 2868 pendes,

431 2892 608 2953 quem
655 2874 740 2935 sic
768 2882 835 2934 tu
858 2892 1053 2949 amas,
1100 2875 1593 2953 quemadmodum
1626 2894 1736 2954 ego
1768 2884 1827 2936 te
1859 2875 1990 2936 volo
2007 2872 2056 2934 Τ
2112 2874 2262 2935 haec
2289 2874 2420 2953 ipsa
2447 2890 2589 2933 cum

430 2959 682 3033 diceret,
739 2967 903 3019 tanta
958 2959 1142 3037 gratia
1194 2960 1552 3021 conciliabat
1593 2979 1799 3022 vocem
1845 2959 2177 3038 loquentiS‚
2235 2968 2353 3020 tam
2400 2958 2593 3019 dulcis

428 3062 613 3105 sonus
643 3051 1102 3124 pertemptatum
1134 3043 1434 3107 mulcebat
1455 3063 1610 3120 aera,
1642 3053 1709 3106 ut
1735 3053 1975 3124 putares
1998 3044 2156 3106 inter
2176 3062 2352 3106 auras
2369 3061 2588 3104 canere
2631 3060 2697 3110 30

429 3128 706 3190 Sirenum
754 3129 1154 3190 concordiam.
1214 3130 1412 3209 itaque
1456 3130 1697 3191 miranti
1741 3139 1802 3191 et
1843 3138 1971 3191 toto
2001 3129 2147 3190 mihi
2176 3128 2341 3191 caelo
2372 3127 2592 3190 clarius

430 3214 633 3276 nescio
680 3214 821 3293 quid
866 3214 1170 3275 relucente
1217 3215 1388 3276 libuit
1431 3214 1573 3276 deae
1607 3232 1829 3276 nomen
1862 3231 2167 3293 quaerere.
2227 3212 2345 3274 ‘ita'
2391 3213 2591 3291 inquit

431 3304 576 3360 ‘non
623 3299 769 3360 dixit
811 3299 917 3360 tibi
965 3299 1175 3360 ancilla
1206 3317 1335 3361 mea
1366 3318 1464 3361 me
1495 3301 1704 3362 Circen
1735 3297 1978 3361 vocari?
2026 3318 2149 3362 non
2183 3316 2315 3360 sum
2344 3297 2590 3376 quidem

429 3383 583 3446 Solis
627 3384 981 3464 progenies,
1030 3403 1142 3446 nec
1189 3402 1317 3445 mea
1364 3394 1582 3459 mater,
1628 3384 1768 3445 dum
1815 3386 2037 3465 placet,
2081 3382 2335 3445 labentis
2377 3382 2589 3443 mundi

428 3486 668 3531 cursum
723 3470 994 3531 detinuit.
1067 3468 1300 3530 habebo
1344 3478 1542 3531 tamen
1590 3469 1750 3548 quod
1796 3469 1959 3531 caelo
2004 3470 2323 3548 imputem,
2379 3467 2430 3529 si
2475 3485 2589 3528 nos
2632 3483 2698 3536 35

428 3553 542 3613 fata
600 3554 1039 3615 coniunxerint.
1106 3555 1288 3615 immo
1348 3554 1462 3616 iam
1525 3555 1725 3615 nescio
1786 3555 1927 3634 quid
1972 3554 2165 3616 tacitis
2208 3552 2589 3632 cogitationi-

424 3637 539 3698 bus
582 3636 728 3700 deus
771 3639 908 3718 agit.
973 3658 1084 3701 nec
1128 3640 1257 3701 sine
1304 3657 1481 3701 causa
1527 3639 1867 3719 Polyaenon
1907 3639 2077 3701 Circe
2119 3647 2302 3700 amat:
2349 3654 2591 3716 semper

597 3788 627 3837 3
654 3786 939 3837 stricturam
970 3786 1257 3838 omnm-us
1279 3788 1299 3855 ΙΙ
1328 3790 1359 3841 6
1384 3788 1532 3840 deam
1558 3790 1762 3839 conieci
1784 3787 1804 3856 ΙΙ
1836 3790 1899 3840 16
1924 3787 2046 3839 mibi
2068 3790 2213 3838 extra
2240 3785 2428 3837 nubem
2462 3783 2586 3835 luna

425 3856 580 3919 capnt
605 3852 831 3918 proferre
857 3854 901 3904 L
924 3854 944 3921 ΙΙ
974 3856 1036 3908 18
1060 3855 1323 3908 mulierem
1347 3857 1394 3908 L
1418 3857 1438 3923 ΙΙ
1465 3860 1530 3910 26
1558 3856 1736 3923 quidni
1762 3856 1929 3923 inquit
1963 3855 1983 3923 fl
2022 3858 2088 3908 30
2113 3868 2263 3906 aures
2290 3853 2332 3904 0
2356 3853 2376 3919 ΙΙ
2403 3856 2463 3906 31
2507 3855 2581 3915 et]

423 3919 657 3981 fortasse
692 3921 904 3987 aliquid
927 3927 1366 3988 praetermissum
1401 3929 1479 3975 est
1582 3927 1648 3978 33
1684 3924 1878 3975 Cireem
1915 3938 1997 3975 me
2028 3924 2274 3990 plerique
2308 3922 2441 3972 libri
2467 3920 2488 3987 Ι
2513 3922 2583 3972 34

421 3986 655 4048 sortasse
688 3989 807 4041 dum
843 3989 942 4042 deo
977 3990 1148 4056 placet
1172 3991 1192 4058 ΙΙ
1219 3994 1283 4043 35
1320 3992 1487 4045 babeo
1582 3993 1602 4060 ΙΙ
1628 3995 1690 4045 37
1719 4007 1919 4058 semper
1942 3992 2253 4042 Bmmsis:
2291 3987 2383 4042 sed
2409 3992 2585 4041 ceteri
