2881 4580
454 298 533 359 70
1350 298 1667 367 ,Persona

445 482 676 554 posset,
722 473 771 534 si
815 490 926 552 per
968 472 1137 532 aliam
1182 479 1412 552 partem
1459 472 1620 533 navis
1664 473 1801 551 fuga
1832 479 2249 550 quaereretur:
2297 489 2460 531 nunc
2489 489 2606 551 per
2632 485 2682 537 L

444 559 709 639 puppim,
741 576 851 638 per
879 558 1005 638 ipsa
1034 556 1434 636 gubernacula
1459 556 1853 618 delabendum
1879 565 1987 629 est,
2018 575 2049 617 a
2075 574 2330 636 quorum
2353 556 2606 634 regione

446 644 604 705 funis
647 642 980 717 descendit,
1026 643 1128 721 qui
1171 643 1420 723 scaphae
1468 642 1791 704 custodiam
1836 650 2017 702 tenet.
2104 650 2410 721 praeterea
2454 640 2605 703 illud

445 729 654 802 miror,
716 728 1000 807 Encolpi,
1047 726 1151 789 tibi
1198 747 1321 789 non
1367 728 1766 800 succurrisse,
1812 746 2000 788 unum
2047 736 2286 788 nautam
2330 726 2604 788 stationis

444 822 767 894 perpetuae
810 813 1070 874 interdiu
1115 821 1419 891 noctuque
1464 812 1654 874 iacere
1700 813 1758 873 in
1806 812 2051 890 scapha,
2101 831 2213 875 nec
2253 830 2430 891 posse
2459 811 2605 874 inde
2649 824 2682 873 5

444 899 749 960 custodem
796 899 908 960 nisi
953 906 1054 959 aut
1095 898 1273 958 caede
1319 897 1533 978 expelli
1577 906 1677 959 aut
1721 897 2097 977 praecipitari
2134 896 2376 959 viribuS.
2436 898 2601 976 quod

443 1003 516 1045 an
564 984 692 1046 fieri
752 983 971 1063 possit,
1029 983 1390 1062 interrogate
1446 982 1749 1044 audaciam
1806 991 2078 1044 vestram.
2139 1001 2275 1043 nam
2322 981 2479 1061 quod
2526 982 2602 1043 ad

441 1087 638 1130 meum
693 1067 932 1147 quidem
990 1068 1337 1129 comitatum
1394 1069 1635 1142 attinet,
1698 1068 1922 1129 nullum
1982 1086 2194 1129 recuso
2246 1067 2599 1147 periculum,

442 1153 600 1232 quod
646 1153 849 1215 salutis
893 1171 1062 1233 spem
1107 1153 1382 1215 ostendit.
1447 1172 1584 1215 nam
1629 1154 1759 1215 sine
1803 1172 1980 1214 causa
2012 1152 2292 1232 [quidem]
2323 1152 2600 1232 spiritum

442 1248 722 1318 tanquam
770 1256 896 1299 rem
940 1256 1182 1300 vacuam
1225 1238 1572 1319 impendere
1618 1257 1693 1300 ne
1724 1258 1827 1300 vos
1858 1238 2095 1317 quidem
2128 1238 2396 1299 existimo
2428 1238 2595 1300 velle.

440 1325 644 1398 videte,
679 1323 968 1402 numquid
999 1324 1113 1385 hoc
1142 1324 1396 1403 placeat:
1430 1343 1541 1402 ego
1567 1344 1670 1385 vos
1701 1323 1762 1385 in
1794 1324 1939 1386 duas
1961 1324 2076 1384 iam
2099 1323 2281 1404 pelles
2304 1323 2596 1385 coniciam

439 1410 785 1489 vinctosque
831 1409 974 1470 loris
1018 1409 1176 1470 inter
1218 1410 1564 1471 vestimenta
1608 1428 1718 1488 pro
1765 1409 2014 1471 sarcinis
2056 1407 2319 1482 habebo,
2379 1409 2599 1488 apertis

438 1494 660 1556 scilicet
702 1495 1072 1573 aliquatenus
1117 1493 1326 1567 labris,
1371 1493 1589 1574 quibus
1633 1503 1691 1555 et
1735 1494 2006 1574 spiritum
2051 1494 2318 1574 recipere
2358 1493 2598 1574 possitis

440 1589 498 1641 et
542 1580 756 1641 cibum.
828 1578 1213 1641 conclamabo
1256 1579 1470 1641 deinde
1515 1588 1690 1641 nocte
1735 1598 1936 1641 servos
1980 1597 2232 1660 poenam
2265 1579 2594 1657 graviorem

438 1665 716 1726 timentes
760 1664 1178 1744 praecipitasse
1222 1683 1286 1726 se
1331 1664 1392 1725 in
1440 1682 1619 1726 mare.
1690 1664 1904 1726 deinde
1948 1683 2085 1727 cum
2127 1673 2370 1726 ventum
2416 1665 2595 1725 fuerit

437 1750 499 1810 in
544 1758 814 1830 portum,
860 1750 989 1810 sine
1033 1749 1148 1812 ulla
1192 1749 1530 1829 suspicione
1576 1767 1686 1828 pro
1733 1750 1982 1812 sarcinis
2019 1770 2124 1812 vos
2154 1749 2435 1811 efferam.'
2494 1750 2592 1811 ‘ita

435 1834 594 1895 vero'
624 1835 869 1913 inquam
900 1852 1008 1913 ego
1031 1840 1331 1912 ‘tanquam
1361 1834 1582 1896 solidos
1614 1834 1972 1915 alligaturus,
2004 1834 2222 1914 quibus
2253 1854 2374 1896 non
2408 1834 2594 1896 soleat

437 1927 642 1980 venter
697 1919 969 1980 iniuriam
1032 1917 1269 1980 facere?
1344 1938 1418 1980 an
1466 1929 1747 1998 tanquam
1791 1940 1894 1982 eos
1938 1921 2040 1999 qui
2085 1928 2420 1982 sternutare
2466 1939 2589 1982 non

436 2004 729 2066 soleamus
775 2023 887 2065 nec
932 2001 1225 2065 stertere?
1268 2023 1343 2066 an
1377 2005 1514 2083 quia
1543 2006 1659 2066 hoc
1686 2023 1878 2084 genus
1906 2006 2048 2067 furti
2078 2005 2261 2067 semel
2291 2000 2469 2088 [mea]
2502 2006 2588 2067 fe-

437 2089 629 2150 liciter
657 2087 875 2151 cessit?
918 2088 1020 2151 sed
1052 2090 1211 2168 finge
1242 2108 1361 2151 una
1392 2089 1487 2151 die
1516 2090 1747 2152 vinctos
1776 2110 1951 2171 posse
1983 2092 2225 2153 durare:
2258 2092 2400 2169 quid
2425 2108 2590 2171 ergo,

437 2175 486 2235 si
531 2174 750 2236 diutius
793 2183 892 2235 aut
938 2174 1330 2252 tranquillitas
1377 2194 1489 2237 nos
1533 2177 1793 2236 tenuerit
1834 2186 1935 2238 aut
1963 2177 2199 2238 adversa
2229 2174 2591 2256 tempestas?

438 2259 577 2339 quid
622 2260 834 2322 facturi
878 2257 1125 2323 sumus?
1169 2269 1360 2323 vestes
1407 2279 1645 2340 quoque
1689 2261 1907 2325 diutius
1936 2263 2161 2324 vinctas
2190 2280 2335 2342 ruga
2369 2280 2591 2324 consu-

435 2346 574 2420 mit,
621 2355 680 2407 et
722 2346 960 2408 chartae
999 2346 1261 2426 alligatae
1294 2355 1525 2408 mutant
1554 2349 1819 2426 figuram.
1879 2348 2122 2410 iuvenes
2152 2349 2342 2410 adhuc
2371 2347 2593 2410 laboris

435 2441 705 2511 expertes
734 2441 1061 2494 statuarum
1092 2432 1208 2493 ritu
1241 2433 1535 2511 patiemur
1563 2451 1798 2513 pannos
1827 2442 1885 2494 et
1913 2434 2106 2495 vincla
2119 2431 2169 2493 ‘l'

1494 2538 1528 2577 ιιι

605 2599 814 2661 ‘adhuc
845 2600 1080 2679 aliquod
1113 2601 1225 2662 iter
1254 2602 1457 2663 salutis
1488 2602 1895 2680 quaerendum
1925 2610 2032 2663 est.
2092 2601 2384 2682 inspicite,
2427 2602 2588 2681 quod

433 2703 543 2764 ego
590 2684 808 2746 inveni.
868 2685 1197 2765 Eumolpus
1227 2695 1508 2765 tanquam
1537 2688 1842 2749 literarum
1871 2687 2170 2749 studiosus
2199 2687 2404 2765 utique
2433 2696 2588 2748 atra-

433 2778 699 2831 mentum
753 2769 947 2830 habet.
1022 2770 1135 2831 hoc
1181 2788 1323 2850 ergo
1369 2772 1631 2834 remedio
1676 2781 1972 2835 mutemus
2015 2772 2244 2834 colores
2287 2791 2319 2833 a
2363 2772 2589 2853 capillis

371 2859 379 2868 ’
432 2872 622 2932 usque
665 2852 738 2914 ad
782 2872 1033 2934 ungues.
1092 2855 1171 2915 ita
1215 2867 1495 2935 tanquam
1541 2858 1693 2919 servi
1734 2858 2051 2938 Aethiopes
2096 2866 2155 2919 et
2197 2865 2433 2938 praesto
2479 2858 2586 2919 tibi

434 2939 654 2999 erimus
697 2938 827 3000 sine
872 2948 1309 3002 tormentorum
1354 2942 1570 3004 iniuria
1615 2944 1857 3016 hilares,
1903 2951 1963 3003 et
2005 2951 2339 3022 permutato
2384 2943 2586 3004 colore

432 3024 808 3103 imponemus
850 3025 1143 3087 inimicis.’
1202 3026 1496 3105 ‘quidni‘l'
1541 3028 1736 3107 inquit
1765 3028 1940 3089 Giton
1989 3028 2183 3089 ‘etiam
2229 3028 2586 3090 circumcide

434 3128 572 3183 nos,
604 3117 672 3169 ut
699 3108 898 3170 Iudaei
927 3110 1244 3186 videamur,
1279 3120 1338 3172 et
1367 3112 1663 3192 pertunde
1695 3132 1887 3188 aures,
1918 3122 1985 3173 ut
2013 3114 2311 3174 imitemur
2342 3112 2585 3188 ArabeS,

434 3204 491 3255 et
535 3194 761 3255 increta
805 3195 1016 3268 facies,
1062 3205 1129 3257 ut
1172 3215 1312 3259 suos
1338 3193 1528 3259 Gallia
1561 3198 1716 3260 cives
1745 3206 1940 3278 putet:
1987 3207 2268 3277 tanquam
2297 3198 2393 3260 hic
2424 3199 2588 3260 solus

432 3279 598 3341 color
640 3280 890 3359 figuram
935 3281 1121 3360 possit.
1160 3292 1499 3360 pervertere
1530 3291 1590 3344 et
1620 3302 1743 3344 non
1774 3283 1958 3345 multa
1988 3301 2106 3344 una
2137 3292 2411 3364 oporteat
2439 3302 2587 3345 con·

431 3366 692 3427 sentiant
722 3362 806 3462 [et
837 3361 985 3447 non]
1018 3367 1247 3427 ratione
1268 3414 1283 3439 ,
1313 3377 1381 3428 ut
1410 3367 1783 3429 mendacium
1816 3376 2068 3430 constet.
2135 3378 2274 3448 puta
2304 3369 2586 3431 infectam

431 3451 819 3512 medicamine
848 3451 1060 3512 faciem
1090 3451 1310 3513 diutius
1341 3452 1557 3514 durare
1588 3472 1791 3533 posse;
1837 3455 1995 3533 finge
2028 3472 2140 3514 nec
2169 3471 2354 3533 aquae
2384 3471 2584 3535 asper-

431 3536 632 3611 ginem
676 3536 1085 3616 imposituram
1114 3537 1369 3616 aliquam
1400 3539 1640 3618 corpori
1669 3538 1988 3613 maculam,
2035 3557 2149 3600 nec
2178 3547 2397 3601 vestem
2430 3550 2585 3600 atra-

432 3628 635 3680 mento
679 3620 1061 3682 adhaesuram
1080 3668 1095 3697 ,
1144 3622 1301 3701 quod
1333 3623 1680 3701 frequenter
1709 3624 1883 3685 etiam
1916 3643 2038 3685 non
2071 3625 2357 3686 accersito
2388 3625 2586 3686 serru-

431 3704 591 3765 mine
615 3704 909 3783 infigitur:
935 3724 1059 3785 age,
1078 3708 1362 3786 numquid
1387 3716 1448 3769 et
1467 3707 1629 3769 labra
1655 3727 1968 3787 possumus
1989 3718 2222 3771 tumore
2245 3710 2585 3771 taeterrimo

435 3786 726 3868 implere?
785 3792 1069 3868 numquid
1115 3801 1176 3853 et
1220 3793 1414 3854 crines
1458 3794 1790 3856 calamistro
1836 3792 2229 3856 convertere?
2296 3795 2585 3874 numquid

605 3923 635 3973 3
671 3923 1009 3972 scribendum
1044 3925 1289 3991 scapham
1323 3930 1468 3979 tenet
1511 3927 1531 3991 n
1567 3931 1631 3981 19
1666 3926 1900 3980 Menelao
1927 3927 2143 3980 feliciter
2178 3929 2402 3979 Iahnius
2452 3929 2472 3996 1
2518 3931 2584 3981 30

432 3988 562 4055 quid
598 3997 655 4041 tu
696 3988 1062 4042 Tornaesiana
1087 3992 1106 4059 ΙΙ
1134 3996 1200 4046 34
1219 3994 1452 4046 natione:
1488 4001 1544 4046 ut
1587 3996 1723 4047 omni
1753 3996 1950 4049 ratione
1978 3996 2302 4050 ‘mendacium
2324 3997 2588 4065 Gratius·

433 4061 503 4109 37
542 4072 672 4124 quae
709 4062 761 4108 et
794 4060 858 4111 38
895 4057 1117 4111 inficitur
1151 4060 1475 4120 Munekems

2643 1246 2707 1300 10

2641 1673 2701 1724 15
