2881 4580
437 304 570 363 234
1372 305 1667 358 SENECAE

438 479 619 539 deum
648 477 877 537 efferri:
911 476 1264 550 tubicinum,
1297 478 1691 551 cornicinum,
1726 478 1921 539 omnis
1950 479 2184 557 generis
2207 490 2599 542 aeneatorum

440 573 603 625 tanta
634 562 838 635 turba,
881 573 1080 625 tantus
1111 573 1472 634 concentuS,
1518 574 1582 624 ut
1625 564 1793 625 etiam
1829 562 2103 625 Claudius
2138 566 2340 626 audire
2371 577 2598 645 posset.

444 665 657 710 omnes
688 647 840 721 laeti,
871 648 1114 710 hilares:
1150 648 1407 728 populus
1430 648 1733 711 Romanus
1759 647 2097 710 ambulabat
2119 660 2398 729 tanquam
2424 651 2597 713 liber.

446 734 672 814 Agatho
704 742 759 794 et
791 734 961 812 pauci
993 733 1269 795 causidici
1300 733 1645 813 plorabant,
1689 734 1791 795 sed
1822 733 1998 813 plane
2030 753 2102 795 ex
2132 735 2351 796 animo.
2412 736 2596 799 iuris-

444 818 702 882 consulti
734 837 766 879 e
797 819 1062 882 tenebris
1087 819 1508 897 procedebant,
1542 818 1759 897 pallidi,
1792 819 2056 898 gracileS,
2086 821 2179 881 vix
2203 821 2458 883 animam
2492 823 2598 883 ba·
2646 835 2678 884 5
2766 831 2769 832 ’

446 905 676 977 benteS,
708 913 986 982 tanquam
1017 905 1117 982 qui
1150 914 1273 965 tum
1299 905 1548 965 maxime
1576 904 2007 966 reviviscerent.
2062 924 2133 966 ex
2165 905 2254 967 his
2277 925 2435 969 unus
2457 926 2596 968 cum

446 990 687 1052 vidisset
710 989 902 1069 capita
926 990 1306 1051 conferentes
1329 1000 1388 1050 et
1409 990 1679 1051 fortunas
1695 1008 1833 1051 suas
1858 989 2236 1068 deplorantes
2262 992 2616 1062 causidicos,

448 1074 674 1137 accedit
717 1084 777 1135 et
824 1073 934 1135 ait:
986 1074 1269 1135 ‘dicebam
1317 1074 1511 1136 vobis:
1563 1094 1685 1136 non
1731 1092 1965 1155 semper
2008 1074 2339 1137 Saturnalia
2383 1077 2615 1139 erunt'.

452 1160 728 1222 Claudius
772 1169 838 1220 ut
877 1159 1020 1221 vidit
1050 1160 1230 1221 funus
1274 1176 1483 1232 suum,
1529 1159 1815 1221 intellexit
1857 1179 1920 1221 se
1963 1172 2263 1222 mortuum
2312 1181 2461 1224 esse.
2523 1163 2619 1225 in-

376 1266 384 1278 ·
446 1246 615 1324 genti
647 1245 806 1306 enim
837 1241 1103 1328 μεγάλῳ
1130 1244 1375 1328 χορικῴ
1405 1245 1615 1306 naenia
1647 1244 1991 1306 cantabatur
2020 1248 2381 1325 anapaestis:
2651 1259 2711 1310 lo

855 1330 1104 1392 ‘fundite
1134 1330 1324 1399 fletus,
1355 1330 1508 1392 edite
1540 1329 1831 1409 planctus,

860 1425 1101 1477 resonet
1131 1415 1283 1476 tristi
1316 1416 1572 1477 clamore
1604 1417 1831 1476 forum:

860 1500 1071 1563 cecidit
1102 1501 1348 1579 pulchre
1379 1500 1651 1562 cordatus
1679 1501 1877 1575 hom0,

861 1605 980 1665 quo
1014 1605 1136 1648 non
1168 1586 1315 1647 alius
1346 1586 1458 1648 fuit
1488 1586 1547 1647 in
1581 1595 1705 1647 toto

861 1671 1071 1732 fortior
1103 1670 1268 1732 orbe.
2265 1682 2294 1731 5

861 1757 958 1818 ille
990 1756 1168 1818 citato
1200 1757 1435 1818 vincere
1469 1774 1648 1817 cursu

861 1851 1097 1921 poterat
1127 1842 1369 1912 celeres,
1401 1841 1500 1901 ille
1531 1840 1783 1901 rebelles

862 1927 1112 1988 fundere
1143 1927 1391 1988 Parthos
1420 1926 1763 2004 levibusque
1793 1924 1962 2003 sequi

864 2012 1103 2074 Persida
1134 2012 1285 2082 telis,
1316 2021 1594 2090 certaque
1626 2029 1806 2071 manu

863 2097 1108 2159 tendere
1142 2115 1404 2166 nervum,
1437 2096 1541 2175 qui
1572 2096 1920 2175 praecipites
2241 2105 2296 2155 10

863 2183 1107 2244 vulnere
1135 2201 1314 2262 parvo
1344 2182 1554 2260 figeret
1584 2182 1801 2253 bosteS,

865 2269 1140 2349 pictaque
1172 2268 1322 2331 Medi
1350 2277 1514 2348 terga
1546 2267 1785 2347 fugacis.

865 2355 962 2417 ille
994 2354 1309 2416 Britannos
1339 2353 1494 2414 ultra
1527 2354 1651 2413 noti

865 2440 1037 2502 litora
1069 2439 1239 2519 ponti

867 2535 927 2586 et
957 2525 1261 2586 caeruleos
1291 2533 1457 2585 scuta
1489 2522 1796 2602 Brigantas
2239 2530 2295 2580 15

867 2612 1005 2672 dare
1037 2609 1339 2671 Romuleis
1368 2608 1518 2671 colla
1549 2608 1770 2669 catenis

868 2694 1037 2757 iussit
1068 2706 1127 2755 et
1158 2696 1349 2774 ipsum
1381 2712 1530 2754 nova
1561 2692 1859 2753 Romanae
1893 2717 1898 2721 ·

868 2781 994 2842 iura
1025 2780 1249 2842 securis
1279 2790 1533 2839 tremere
1566 2777 1889 2839 Oceanum.

868 2865 1080 2926 deflete
1112 2865 1319 2932 virum,
1353 2883 1472 2943 quo
1505 2882 1626 2924 non
1659 2862 1805 2923 alius

869 2950 1062 3029 potuit
1092 2949 1263 3011 citius
1292 2948 1517 3010 discere
1548 2966 1773 3021 causas,
2241 2954 2298 3004 20

870 3053 985 3095 una
1020 3045 1248 3095 tantum
1280 3045 1445 3114 parte
1474 3034 1686 3104 audita,

868 3138 1042 3198 saepe
1076 3138 1152 3180 ne
1183 3130 1333 3180 utra.
1394 3119 1528 3198 quis
1558 3137 1723 3179 nunc
1753 3118 1927 3178 iudex

871 3215 994 3266 toto
1027 3204 1157 3266 lites
1187 3205 1383 3266 audiet
1411 3201 1619 3264 anno?

871 3291 977 3351 tibi
1009 3291 1120 3350 iam
1154 3290 1319 3352 cedet
1347 3289 1486 3351 sede
1519 3289 1737 3357 relicta,

872 3375 974 3455 qui
996 3376 1102 3436 -dat
1133 3375 1354 3455 populo
1385 3374 1515 3435 iura
1545 3373 1759 3443 silenti,
2248 3380 2304 3430 25

873 3461 1108 3522 Cretaea
1142 3471 1355 3522 tenens
1385 3458 1598 3539 oppida
1632 3468 1892 3519 centum.

872 3546 1093 3607 caedite
1127 3546 1362 3607 maestis
1393 3552 1633 3623 pectora
1665 3543 1892 3623 palmis,

873 3651 908 3692 o
939 3630 1234 3703 causidici,
1269 3629 1470 3691 venale
1500 3647 1707 3705 genus.

873 3735 1091 3794 vosque
1124 3726 1330 3794 poetae
1360 3714 1557 3792 lugete
1590 3714 1743 3786 novi,

870 3819 1092 3879 vosque
1123 3802 1184 3861 in
1218 3799 1422 3879 primis
1447 3799 1548 3878 qui
1580 3817 1870 3860 concusso
2249 3805 2308 3855 30

873 3904 1086 3963 magna
1117 3885 1365 3965 parastis
1394 3885 1557 3945 lucra
1589 3884 1807 3944 fritillo.
1827 3882 1840 3906 '

641 4019 664 4065 1
696 4021 986 4068 senatorum
1011 4017 1030 4082 fl
1057 4020 1088 4069 6
1113 4031 1228 4068 cum
1259 4016 1356 4067 alii
1377 4017 1396 4084 ΙΙ
1423 4020 1457 4069 9
1483 4017 1691 4082 lugente
1716 4017 1933 4077 conieci,
1966 4008 2327 4083 μεγαληγορίᾳ
2358 4010 2590 4078 Iunius}

476 4084 537 4132 15
569 4086 701 4148 pulo
738 4082 871 4133 victa
896 4083 916 4149 u
944 4085 1008 4135 22
1047 4092 1099 4136 et
1135 4092 1309 4135 neutra
1348 4086 1511 4135 editio
1544 4088 1794 4151 priuceps
1831 4084 1846 4120 ἑ
