2881 4580
1343 819 1369 880 1

487 920 773 983 Carminis
801 921 1090 1003 incompti
1120 922 1285 983 lusus
1314 922 1544 983 lecture
1577 939 1879 1003 procaceS,

569 1006 932 1068 conveniens
961 1007 1133 1069 Latio
1161 1026 1322 1087 pone
1353 1007 1760 1087 supercilium.

488 1110 608 1153 non
640 1109 812 1153 soror
839 1093 953 1153 hoc
984 1092 1203 1153 habitat
1233 1091 1476 1167 Phoebi,
1517 1111 1636 1153 non
1670 1093 1842 1155 Vesta
1874 1092 2106 1168 sacello,

575 1195 687 1238 nec
718 1195 870 1256 quae
901 1178 974 1239 de
1004 1178 1195 1258 patrio
1226 1178 1445 1239 vertice
1478 1186 1614 1238 nata
1644 1178 1752 1239 dea
1784 1187 1891 1253 est,

487 1262 588 1323 sed
619 1261 803 1324 ruber
831 1262 1141 1325 hortorum
1173 1271 1391 1336 custos,
1424 1261 1819 1325 membrosior
1848 1283 2057 1344 aequo,
2314 1272 2344 1321 5

575 1347 677 1426 qui
710 1356 929 1409 tectum
961 1348 1141 1412 nullis
1172 1346 1433 1410 vestibus
1462 1348 1684 1428 inguen
1717 1347 1913 1410 habet.
1978 1348 1981 1351 ’

491 1440 591 1493 aut
618 1432 801 1512 igitur
827 1434 1093 1495 tunicam
1122 1433 1275 1513 parti
1306 1433 1633 1513 praetende
1664 1434 1972 1515 tegendae,

574 1526 675 1578 aut
705 1518 923 1597 quibus
953 1519 1107 1580 hanc
1136 1519 1324 1582 oculis
1354 1518 1626 1599 adspiciS,
1658 1519 1766 1582 ista
1797 1520 1943 1600 lege.

1331 1671 1386 1732 11

494 1771 734 1833 Ludens
762 1771 909 1832 haec
940 1790 1050 1851 ego
1081 1779 1232 1833 teste
1262 1781 1340 1847 te,
1375 1774 1599 1854 Priape,

496 1857 670 1918 horto
702 1856 964 1918 carmina
995 1857 1190 1935 digna,
1224 1877 1346 1920 non
1369 1858 1598 1936 libello,

497 1942 705 2022 scripsi
738 1961 859 2003 non
892 1942 1142 2003 nimium
1173 1942 1483 2006 laboriose.

497 2045 609 2089 nec
639 2027 835 2089 Musas
863 2036 1081 2099 tamen,
1114 2036 1178 2088 ut
1206 2027 1400 2090 solent
1429 2040 1661 2109 poetae,

500 2113 571 2173 ad
602 2131 727 2174 non
758 2112 1094 2191 virgineum
1125 2112 1322 2175 locum
1352 2116 1568 2176 vocavi.
2324 2122 2354 2169 5

489 2216 624 2259 nam
653 2215 867 2260 sensus
896 2198 1039 2259 mihi
1070 2216 1295 2277 corque
1325 2199 1609 2262 defuisset

503 2293 708 2365 castaS,
738 2283 995 2354 Pierium
1024 2283 1291 2359 chorum,
1323 2302 1563 2347 sorores

502 2388 643 2431 auso
674 2370 893 2430 ducere
925 2369 1248 2431 mentulam
1276 2371 1347 2431 ad
1379 2370 1595 2451 Priapi.

505 2473 647 2535 ergo
677 2453 960 2533 quicquid
989 2453 1049 2515 id
1079 2463 1185 2529 est,
1218 2453 1378 2534 quod
1409 2456 1633 2522 otiosus

506 2539 710 2620 templi
738 2539 1062 2620 parietibus
1092 2539 1179 2601 tui
1209 2540 1423 2615 notavi,
2305 2545 2360 2595 1⁰

510 2626 569 2687 in
602 2634 833 2706 partem
863 2625 1116 2706 accipias
1145 2623 1384 2699 bonam,
1412 2641 1709 2703 rogamus.

1335 2773 1414 2839 111

1219 2864 1524 2941 [ovm11]

518 2962 785 3027 Obscure
815 2973 1080 3044 poteram
1110 2964 1218 3026 tibi
1247 2965 1472 3027 dicere:
1506 2964 1597 3026 ‘da
1627 2963 1788 3038 mihi,
1819 2963 1976 3043 quod
2008 2970 2072 3023 tu

601 3050 705 3111 des
735 3049 873 3111 licet
901 3050 1151 3123 assidue,
1183 3050 1268 3111 nil
1297 3059 1493 3111 tamen
1526 3049 1664 3111 inde
1696 3049 1868 3130 perit.

516 3135 587 3197 da
618 3135 779 3210 mihi,
810 3136 970 3214 quod
1001 3135 1206 3215 cupies
1234 3136 1452 3197 frustra
1484 3136 1624 3196 dare
1654 3135 1900 3197 forsitan
1933 3133 2091 3206 olim,

587 3238 722 3281 cum
753 3228 919 3281 tenet
948 3218 1216 3282 obsessas
1245 3221 1438 3282 invida
1471 3219 1651 3281 barba
1680 3238 1883 3299 genaS,

522 3306 798 3385 quodque
828 3305 950 3366 lovi
978 3304 1236 3381 dederat,
1268 3307 1370 3385 qui
1399 3315 1605 3385 raptus
1634 3305 1707 3367 ab
1740 3306 1874 3367 alite
1905 3320 2069 3365 sacra
2339 3309 2369 3359 5

604 3391 809 3452 miscet
837 3391 1085 3452 amatori
1113 3391 1325 3470 pocula
1354 3400 1519 3472 grata
1555 3410 1681 3463 suo,

524 3476 682 3555 quod
712 3476 875 3554 virgo
905 3476 1095 3556 prima
1123 3476 1340 3556 cupido
1372 3477 1469 3537 dat
1500 3484 1672 3537 nocte
1703 3474 1932 3546 marito,

605 3559 748 3622 dum
777 3561 943 3622 timet
971 3561 1212 3624 alterius
1240 3561 1455 3623 vulnus
1484 3561 1685 3642 inepta
1715 3558 1868 3621 loci’.

525 3645 847 3726 simplicius
878 3646 1064 3707 multo
1095 3656 1182 3709 est
1214 3647 1301 3707 ‘da
1332 3645 1625 3727 pedicare'
1656 3645 1867 3708 Latine

609 3731 837 3792 dicere.
870 3731 1011 3811 quid
1043 3728 1291 3794 faciam?
1324 3750 1518 3793 crassa
1548 3730 1808 3791 Minerva
1839 3745 1967 3789 mea
1998 3734 2105 3788 est.
2316 3733 2374 3785 10

485 3880 630 3945 Quae
663 3898 774 3934 non
809 3884 1077 3934 adiectum
1110 3884 1307 3934 liabent
1341 3884 1581 3933 auctoris
1602 3894 1810 3943 nomen,
1845 3894 1907 3929 ea
1942 3880 2003 3928 in
2040 3877 2310 3929 codicibus
2336 3875 2460 3940 plu·

310 3951 470 4000 rimie
502 3956 555 4002 et
586 3953 802 4018 optimis
837 3951 1106 4017 leguntur.
1176 3948 1248 4012 cf.
1283 3953 1456 4001 musei
1488 3948 1733 4000 Rhenum·
1766 3945 1871 4000 vol.
1894 3945 1997 3998 XV
1994 3946 2081 3997 III
2102 3962 2159 4012 p.
2179 3943 2282 3997 383
2304 3959 2373 3998 σε.
2409 3946 2460 3994 el

308 4017 606 4070 Baete-ome
630 4023 820 4085 poetas
854 4021 950 4073 lat.
981 4024 1215 4072 minores
1249 4019 1282 4069 I
1303 4034 1361 4085 p.
1395 4020 1465 4071 54
1496 4034 1567 4070 es.

485 4085 545 4149 111
584 4087 767 4139 ovidii
789 4104 898 4137 esse
922 4092 1149 4140 testatur
1172 4087 1371 4141 Seneca
1393 4091 1551 4154 paler
1575 4089 1743 4137 contr.
1770 4084 1803 4134 I
1818 4082 1869 4149 2,
1893 4080 1962 4135 22
1991 4083 1999 4149 Ι
2032 4085 2063 4135 4
2099 4083 2240 4147 teget
2259 4077 2461 4130 Aldina
