2881 4580
1135 283 1514 338 MENIPPEAE
2283 284 2404 346 195

1192 456 1293 517 XV

472 558 622 619 hanc
654 559 900 620 eandem
929 558 1292 639 voluptatem
1323 460 1599 622 ggiiulus
1628 560 1808 621 taxim
1840 560 2125 640 consequi
2154 560 2411 640 lapathio
2456 569 2556 622 318

256 652 320 701 et
345 643 574 722 ptisana
607 644 828 723 possim

1194 727 1320 789 XVl
1348 731 1373 807 (
1382 729 1483 804 15)

468 829 529 890 in
563 829 839 891 cubiculo
871 830 1130 891 dormire
1160 830 1429 904 mallem,
1474 831 1525 892 si
1554 831 1721 905 licet,
1767 842 1945 912 potus
1985 830 2185 893 vinum
2214 849 2414 894 meum
2458 842 2557 893 31³

257 912 560 989 cibarium,
595 932 772 993 quam
804 933 914 996 ego
946 914 1226 977 dominus
1256 916 1540 978 cubarem

1194 1033 1351 1094 xvu
1384 1035 1471 1114 (5)

468 1135 611 1213 quid
640 1077 796 1197 aliud
849 1145 939 1198 est
990 1138 1148 1216 quod
1180 1137 1464 1217 Delphice
1506 1145 1705 1198 cantat
1747 1136 2024 1198 columna
2053 1134 2261 1199 litteris
2291 1138 2414 1199 suis
2457 1147 2545 1198 320

257 1242 421 1302 αγαν
450 1217 715 1305 μηθένῖ
767 1220 964 1282 iudam
995 1240 1109 1284 nos
1137 1222 1331 1283 facere
1360 1221 1481 1282 adit
1510 1222 1820 1282 mortalem
1852 1222 2092 1283 modum
2122 1223 2408 1284 medioxi-

255 1323 367 1380 me,
399 1314 467 1365 ut
496 1306 794 1385 quondam
827 1315 1022 1386 patres
1053 1307 1243 1368 nostri
1273 1305 1677 1386 loquebantur

1176 1423 1360 1485 xvm
1391 1424 1479 1501 (4)

355 1611 389 1671 d
468 1545 591 1586 non
626 1545 728 1589 eos
759 1537 1001 1607 optume
1031 1528 1242 1589 vixisse
1288 1527 1390 1605 qui
1431 1526 1758 1588 diutissime
1800 1525 2108 1603 vixissent,
2159 1528 2260 1589 sed
2312 1527 2413 1606 qui
2458 1537 2543 1589 321

254 1627 350 1670 mo
395 1611 684 1674 estissime

914 1743 1205 1796 MVTVVM
1242 1743 1399 1801 Mvu
1434 1743 1741 1798 SCABVNT

1060 1850 1217 1916 περὶ
1258 1847 1609 1917 χωρισμοῦ

664 2050 767 2111 ubi
797 2052 965 2113 lucus
991 2056 1213 2132 opacus
1243 2057 1465 2113 teneris
1495 2051 1810 2114 fruticibus
1833 2057 2007 2131 aptus
2457 2064 2545 2115 322

1254 2169 1305 2230 11
1336 2171 1424 2249 (1)

457 2279 525 2332 ut
553 2271 898 2350 grallatores
928 2271 1030 2352 qui
1060 2272 1447 2369 gradiuntur,
1500 2272 1761 2352 perticae
1812 2281 1951 2335 sunt
2003 2272 2161 2352 ligna
2213 2268 2414 2370 φύσει
2456 2284 2544 2336 323
2587 2338 2591 2341 ,

260 2347 554 2442 ἀκίνητα,
586 2357 688 2419 sed
720 2357 793 2418 ab
822 2357 1064 2419 homine
1095 2376 1167 2418 eo
1199 2357 1302 2437 qui
1332 2358 1395 2418 in
1427 2358 1477 2418 is
1505 2366 1619 2419 stat
1647 2357 1964 2436 agitantur,
1996 2358 2081 2420 sic
2109 2357 2193 2419 illi
2225 2358 2408 2419 animi

260 2443 449 2504 nostri
479 2453 621 2504 sunt
649 2442 882 2522 grallae,
915 2461 1088 2504 crura
1121 2462 1189 2504 ac
1221 2443 1402 2522 pedes
1432 2442 1655 2516 nostri,
1701 2439 1901 2527 φύσει
1946 2435 2263 2528 ἀκίνητοι,
2305 2444 2409 2504 sed

257 2528 329 2589 ab
359 2527 557 2589 animo
588 2538 902 2589 moventur

1234 2611 1315 2673 111
1348 2613 1434 2691 (2)

470 2698 667 2776 itaque
719 2697 768 2759 si
810 2697 1014 2777 plures
1055 2696 1182 2759 dies
1222 2698 1381 2758 inter
1411 2698 1623 2759 medici
1654 2698 1974 2759 discessum
2008 2706 2066 2758 et
2096 2697 2411 2759 adventum
2453 2709 2545 2761 324

257 2782 584 2862 pollictoris
613 2783 1030 2858 interfuerunt,
1063 2790 1122 2843 et
1149 2781 1208 2843 id
1239 2791 1479 2856 aestate,
1501 2782 1696 2845 videas

449 2995 537 3048 ut
584 2986 850 3046 venalem
879 2987 1207 3048 tuniculam
1224 2901 1495 3067 Iliglnffiiet
1524 2987 1759 3062 cotidie,
1814 2996 1880 3048 ut
1927 2986 2151 3048 videret
2202 2995 2412 3061 totum,
2457 2948 2543 3051 325

254 3073 515 3152 denique
547 3071 728 3133 etiam
761 3071 883 3134 suis
913 3071 1185 3134 manibus
1215 3073 1383 3133 lanea
1413 3081 1598 3133 tracta
1631 3072 2021 3134 ministrasset
2048 3071 2323 3133 infectori

390 3241 488 3293 318
525 3237 594 3295 Ν.
623 3255 680 3305 p.
718 3239 1137 3306 5501apathium
1187 3238 1197 3306 Ι
1247 3254 1457 3306 possum
1506 3239 1605 3290 alii
1645 3239 1666 3307 ΙΙ
1709 3241 1810 3292 319
1844 3237 1979 3304 Ν.
1984 3240 2099 3292 .93
2148 3238 2410 3291 cibarium

253 3311 569 3375 legebantur
604 3308 734 3359 haec
775 3309 837 3357 in
869 3311 1058 3359 satura
1096 3311 1225 3358 ante
1253 3305 1328 3368 fr.
1366 3308 1463 3360 317
1519 3309 1531 3374 Ι
1583 3307 1784 3359 scilicet
1835 3308 1843 3372 Ι
1896 3306 1950 3357 in
1943 3254 2137 3372 populo
2174 3306 2412 3359 dominus

252 3378 440 3431 cubare
476 3379 603 3426 ante
637 3376 938 3438 edideram,
991 3375 1162 3442 regiae
1198 3375 1335 3427 domi
1371 3376 1573 3428 ieiunus
1608 3375 1879 3428 Vomanus
1919 3374 1940 3441 ss
1982 3375 2081 3426 320
2117 3372 2185 3426 Ν.
2218 3390 2271 3440 p.
2313 3376 2407 3428 141

252 3445 634 3497 medioximum.
668 3445 926 3494 iambicos
960 3445 1266 3495 octonarios
1301 3443 1599 3495 Mainakius
1640 3441 1803 3507 fecit,
1856 3444 2236 3508 quaternarios
2269 3443 2411 3493 dice-

250 3530 366 3566 rem
399 3515 449 3563 ,η’
483 3515 755 3563 constaret
784 3513 923 3562 milti
955 3512 1018 3563 da
1052 3511 1283 3580 verbis}
1334 3513 1541 3577 canat!
1665 3526 1779 3575 am,
1831 3513 1981 3573 viam,
2017 3510 2193 3574 vitam,
2228 3511 2411 3562 iubens

250 3584 396 3634 alius
431 3581 593 3632 aliud
617 3596 960 3647 proposuere,
995 3580 1165 3646 palam
1193 3511 1462 3633 Va'hlanus
1495 3583 1556 3631 in
1533 3513 1699 3641 Ιῆπο
1735 3549 1934 3629 a⁷ddem
1967 3547 2111 3630 iubet
2138 3579 2147 3644 Ι
2178 3578 2242 3630 ad
2279 3593 2413 3631 mor-

252 3649 652 3768 talemllum‘m,
687 3648 751 3700 ad
789 3648 1112 3700 inmortalem
1147 3647 1373 3700 Rothius
1397 3648 1417 3716 ΙΙ
1444 3649 1540 3700 321
1579 3645 1649 3749 Ν.
1678 3663 1736 3713 p.
1774 3649 1841 3700 55
1876 3645 2161 3699 modestum
2193 3650 2202 3714 Ι
2232 3647 2411 3700 vixent

287 3735 380 3770 ars
435 3719 678 3768 ibrorum

247 3735 285 3785 p
425 3787 525 3839 322
560 3783 629 3836 Ν.
661 3801 715 3850 p.
753 3787 853 3838 235
890 3790 1065 3850 aptum
1105 3786 1125 3851 1
1171 3786 1270 3838 323
1305 3783 1372 3836 Ν.
1405 3800 1460 3850 p.
1499 3786 1597 3838 115
1634 3782 1936 3849 grallatores
1982 3781 1992 3848 Ι
2038 3780 2411 3848 lignaefinarei-

250 3854 394 3907 nolet
429 3855 495 3904 ab
526 3853 534 3919 Ι
565 3853 741 3905 inistat
775 3853 929 3904 libri.-
964 3853 1122 3904 instat
1156 3853 1455 3904 Palma-ius
1484 3851 1494 3919 Ι
1524 3851 1644 3904 illae
1684 3851 1934 3902 Oolzlorus
1980 3852 1988 3917 Ι
2038 3865 2227 3902 crura·
2204 3851 2410 3902 -nostri

249 3923 570 3974 seclusarum
623 3923 848 3972 antchac
898 3938 968 3973 ex
1003 3921 1366 3974 Van-oniam}
1408 3919 1421 4001 Ι
1470 3920 1633 3972 nostri
1670 3919 1859 3973 essiare
1892 3935 2103 3984 κινητοι
2143 3919 2162 3984 n
2208 3921 2308 3973 324
2341 3918 2409 3971 N.

244 3994 439 4058 p.157
481 3988 774 4055 pollictores
821 3989 833 4056 Ι
877 3989 1089 4041 medicis
1141 3993 1240 4041 aut
1288 3987 1517 4041 medicos
1564 3989 1724 4040 libri.-
1775 3987 2086 4039 medicorum
2125 3986 2362 4054 Guyctus
2394 3986 2414 4053 ΙΙ

251 4061 354 4113 325
389 4057 459 4110 Ν.
489 4073 548 4124 p.
584 4059 683 4109 228
719 4061 914 4111 tractus
944 4060 953 4123 Ι
984 4059 1192 4109 conieci
1226 4063 1284 4110 ut
1317 4055 1566 4109 venderet
1595 4060 1787 4123 togam,
1823 4055 2049 4122 donique

1899 4137 2003 4194 13*
