2881 4580
437 304 557 363 138
1384 306 1678 361 GARMINA

667 564 971 626 Obscenae
1002 562 1193 642 rigido
1224 563 1336 624 deo
1366 562 1608 625 tabellas

669 649 873 710 dicans
903 668 973 710 ex
1005 647 1430 731 Elephantidos
1461 648 1674 711 libellis

666 734 764 795 dat
793 734 1016 795 donum
1039 732 1253 813 Lalage
1285 741 1590 814 rogatque,
1622 742 1890 814 tempteS‚

668 819 716 881 si
750 820 938 899 pictas
968 837 1119 900 opus
1151 819 1279 881 edat
1309 818 1379 881 ad
1409 820 1647 898 figuras,

665 1040 856 1111 Quam
886 1057 1072 1119 puero
1103 1038 1294 1119 legem
1326 1041 1516 1101 fertur
1538 1039 1752 1101 dixisse
1775 1038 2041 1119 PriapuS‚

740 1124 1008 1187 versibus
1038 1124 1135 1185 hic
1164 1124 1321 1187 infra
1350 1124 1568 1205 scripta
1598 1123 1833 1186 duobus
1864 1125 2002 1185 erit:

665 1210 843 1289 ‘quod
871 1228 1041 1271 meus
1073 1210 1279 1272 hortus
1309 1209 1506 1281 habet,
1537 1227 1734 1271 sumas
1763 1210 2008 1289 impune
2037 1210 2255 1285 licebit,

742 1295 791 1356 si
820 1295 1050 1358 dederis
1073 1295 1266 1369 nobis,
1298 1296 1456 1376 quod
1488 1304 1627 1357 tuus
1656 1295 1862 1358 hortus
1891 1295 2105 1357 habet'.

1476 1448 1550 1509 v1

665 1549 837 1621 Quod
870 1568 1000 1611 sum
1032 1549 1282 1629 ligneus,
1313 1559 1380 1611 ut
1408 1550 1587 1623 vides,
1620 1549 1865 1630 Priapus

666 1644 725 1695 et
755 1634 870 1695 falx
903 1635 1095 1716 lignea
1126 1635 1478 1715 ligneusque
1510 1635 1700 1714 penis,

667 1720 952 1799 prendam
984 1729 1043 1782 te
1073 1730 1272 1781 tamen
1306 1729 1365 1781 et
1394 1719 1614 1781 tenebo
1644 1736 1920 1800 prensam

668 1813 968 1884 totamque
999 1805 1153 1867 hanc
1182 1805 1312 1867 sine
1343 1805 1567 1879 fraude,
1600 1814 2061 1885 quantacunque
2093 1813 2200 1874 est,

549 1900 577 1948 5
668 1899 967 1951 tormento
999 1891 1340 1969 citharaque
1371 1890 1695 1952 tensiorem

664 1974 736 2036 ad
760 1984 983 2037 costam
1013 1975 1119 2036 tibi
1149 1976 1459 2057 septimam
1488 1976 1827 2037 recondam.

670 2195 815 2257 Cum
847 2197 1079 2276 loquor,
1111 2215 1227 2258 una
1258 2196 1402 2258 mihi
1432 2111 1714 2276 pggmtur
1744 2195 1968 2269 littera;
2002 2212 2136 2255 nam
2167 2204 2226 2256 te

746 2283 983 2364 pe-dico
1014 2301 1248 2364 semper
1277 2282 1588 2361 blaesaque
1618 2280 1819 2362 lingua
1848 2280 1989 2342 mihi
2020 2289 2125 2342 est.

1453 2435 1583 2497 VIII

668 2536 970 2599 Matronae
999 2538 1211 2617 procul
1238 2537 1380 2599 hinc
1411 2536 1567 2599 abite
1599 2546 1820 2599 castae:

670 2631 846 2702 turpe
878 2634 966 2684 est
994 2642 1096 2685 vos
1126 2623 1323 2702 legere
1354 2622 1649 2703 impudica
1678 2622 1875 2684 verba.
1907 2656 1990 2667 —

670 2726 792 2768 non
825 2708 968 2769 assis
997 2708 1222 2769 faciunt
1251 2719 1515 2787 euntque
1546 2718 1732 2769 recta:

668 2792 947 2853 nimirum
977 2793 1218 2873 sapiunt
1243 2792 1563 2873 videntque
1593 2810 1864 2873 magnam

666 2886 971 2939 matronae
1004 2896 1241 2957 quoque
1272 2879 1595 2940 mentulam
1627 2877 1898 2939 libenter.

670 3113 788 3175 Cur
818 3112 1074 3176 obscena
1105 3116 1246 3177 mihi
1277 3131 1413 3197 pars
1444 3116 1518 3177 sit
1547 3116 1676 3177 siue
1704 3126 1883 3188 veste,
1916 3112 2195 3193 requiris:

748 3217 985 3277 quaere,
1016 3209 1174 3280 tegat
1205 3201 1402 3263 nullus
1431 3219 1542 3262 cur
1569 3219 1674 3262 sua
1703 3201 1820 3262 tela
1848 3201 2012 3261 deus.

661 3285 884 3346 fulmen
919 3284 1091 3346 habet
1118 3286 1326 3347 mundi
1356 3286 1652 3361 dominus,
1682 3293 1845 3347 tenet
1874 3284 2018 3345 illud
2049 3291 2281 3363 aperte3

747 3389 860 3432 nec
890 3372 1060 3433 datur
1088 3389 1385 3451 aequoreo
1416 3371 1647 3433 fuscina
1676 3379 1830 3432 tecta
1858 3368 1990 3431 de'o.

552 3466 582 3515 5
668 3475 780 3517 nec
811 3456 1039 3519 Mavors
1066 3456 1252 3530 illum,
1286 3475 1393 3538 per
1422 3474 1599 3535 quem
1627 3457 1800 3529 valet,
1832 3454 2051 3516 occulit
2079 3456 2303 3527 ensem,

750 3560 862 3602 nec
890 3542 1029 3603 latet
1057 3541 1120 3602 in
1150 3541 1350 3622 tepido
1381 3541 1631 3603 Palladis
1659 3542 1824 3603 hasta
1854 3540 2009 3602 sinu.

669 3644 813 3686 num
843 3627 1025 3708 pudet
1052 3635 1285 3689 auratas
1317 3626 1621 3689 Phoebum
1650 3634 1887 3706 portare
1917 3620 2198 3705 sagittas?

748 3712 975 3774 clamne
1005 3713 1157 3774 solet
1184 3713 1522 3792 pharetram
1554 3713 1710 3773 serre
1740 3711 1923 3772 Diana
1955 3707 2166 3773 suam?

670 3814 813 3857 num
841 3797 986 3875 tegit
1007 3798 1238 3859 Alcides
1269 3797 1528 3859 nodosae
1559 3796 1775 3858 robora
1805 3793 2042 3858 clavae?

525 3890 581 3941 10
743 3880 853 3943 sub
883 3882 1085 3944 tunica
1114 3883 1335 3962 virgam
1366 3901 1511 3945 num
1542 3882 1689 3945 deus
1717 3882 1835 3944 ales
1864 3877 2084 3943 habet?
2190 3878 2196 3883 ’

613 4008 679 4061 Vl
715 4013 744 4062 3
782 4027 1020 4077 prensum
1055 4015 1140 4064 vel
1172 4027 1405 4082 pressum
1442 4018 1541 4067 alii
1575 4018 1703 4068 libri
1728 4014 1857 4083 nvn
1893 4016 1924 4068 2
1962 4029 2072 4067 mea
2110 4014 2189 4065 est
2226 4012 2327 4063 alii
2351 4012 2371 4078 ΙΙ
2401 4009 2524 4062 VIIII
2559 4011 2592 4061 2

367 4127 368 4130 ,
442 4092 632 4143 quaero
662 4079 671 4146 Ι
702 4078 845 4145 signa
882 4080 982 4136 alii
