2881 4580
482 287 602 346 190
1374 288 1705 343 VARRONIS

1438 461 1543 521 XX
1571 463 1658 539 (9)

338 567 424 626 266
688 581 811 622 non
839 562 990 623 male
1013 563 1228 639 dicere,
1255 563 1465 644 pedem
1491 564 1552 624 in
1578 566 1776 624 focum
1807 584 1929 626 non
1955 566 2283 646 imponere,
2307 567 2641 629 sacrificari

1397 682 1531 743 XXI
1560 683 1688 759 (10)

336 799 423 849 267
643 791 701 843 et
752 799 884 844 cum
928 783 1177 862 corrigia
1208 783 1532 865 disruptast
1550 832 1566 860 ,
1622 793 1863 846 enatare
1915 804 2052 848 cum
2103 787 2361 867 reliqua,
2415 788 2652 869 pedem

473 868 724 946 paenula
755 878 982 930 scortea
1015 878 1328 949 pet-tegere

1408 971 1568 1033 XXII
1596 973 1689 1051 (6)
2308 1036 2313 1040 .

334 1070 422 1121 268
685 1074 794 1118 nec
826 1066 998 1118 natus
1029 1065 1118 1118 est
1150 1075 1261 1118 nec
1292 1057 1609 1130 morietur,
1651 1058 1806 1137 viget
1836 1068 2006 1139 veget
2036 1068 2102 1121 ut
2128 1067 2269 1139 pote
2299 1059 2633 1140 plurimum

1379 1241 1713 1294 MARClPOR

1469 1345 1492 1406 1
1525 1347 1634 1425 (3)·

331 1463 417 1513 269
876 1450 1127 1526 repente
1158 1448 1353 1509 noctis
1383 1448 1622 1509 circiter
1653 1448 1916 1522 meridie,

874 1550 1008 1593 cum
1043 1532 1238 1612 pictus
1270 1551 1372 1594 aer
1400 1533 1637 1595 fervidis
1668 1534 1782 1594 late
1813 1532 2051 1613 ignibus

873 1616 1017 1677 caeli
1049 1618 1306 1678 chorean
1339 1618 1593 1680 astricen
1627 1618 1968 1680 ostenderet

1463 1752 1515 1812 11
1571 1757 1608 1815 4

327 1871 415 1923 270
872 1852 1064 1915 nubes
1092 1854 1287 1933 aquali
1318 1754 1695 1932 frigido(v‹)zlo
1727 1854 1885 1916 leves

869 1939 1010 1999 caeli
1044 1957 1321 2001 cavernas
1351 1956 1562 2001 aureas
1593 1938 1965 2001 obduxerant

868 2041 1078 2102 aquam
1110 2032 1412 2086 vomentes
1442 2024 1694 2085 inferam
1726 2024 2070 2087 mortalibus

1438 2160 1518 2221 111
1575 2165 1611 2224 5

322 2281 408 2333 271
862 2264 1141 2341 ventique
1170 2260 1382 2341 frigido
1413 2281 1476 2324 se
1508 2162 1579 2324 ab
1609 2162 1717 2325 axe
1748 2267 2088 2343 eruperant,

862 2347 1178 2426 phrenitici
1210 2348 1687 2428 septentrionum
1718 2347 1841 2423 filii,

864 2450 1066 2493 secum
1095 2433 1355 2494 ferentes
1385 2434 1612 2514 tegulas
1642 2451 1839 2495 ramos
1870 2429 2107 2516 σύρους

1426 2551 1533 2612 1111
1565 2554 1652 2631 (6)

328 2672 414 2723 272
867 2660 927 2713 at
958 2658 1068 2713 nos
1099 2652 1304 2714 caduci
1336 2655 1603 2733 naufragi
1636 2663 1701 2714 ut
1732 2653 2011 2727 ciconiae,

863 2754 1112 2817 quarum
1146 2737 1409 2817 bipinnis
1439 2738 1702 2800 fulminis
1734 2739 1966 2817 plumas
1994 2756 2177 2818 vapor

860 2823 1134 2903 perussit,
1169 2823 1282 2883 alte
1315 2825 1520 2885 maesti
1551 2825 1611 2885 in
1644 2834 1863 2885 terram
1894 2823 2215 2885 cecidimus

1445 2941 1491 3000 V

318 3035 401 3113 «273
859 3043 1179 3122 Propontis
1211 3043 1368 3104 unda
1400 2943 1857 3122 quaffi)liquenti
1889 3044 2117 3106 caerula

857 3162 1086 3187 ψ-υ-
1124 3136 1424 3190 natantem
1456 3128 1781 3209 perfundit,
1811 3149 1956 3209 cape

1418 3246 1491 3307 Vl
1524 3249 1651 3325 (18)

315 3370 401 3421 274
861 3349 1141 3411 delumbi'
1174 3349 1389 3431 pennis
1420 3353 1489 3410 ut
1517 3349 1659 3411 levis
1686 3349 2062 3429 passerculus

619 3518 716 3569 266
752 3516 820 3571 Ν.
849 3533 909 3582 p.
945 3520 1044 3570 480
1082 3516 1433 3569 sacrificantur
1474 3515 1494 3584 ΙΙ
1540 3518 1635 3569 267
1675 3515 1742 3568 Ν.
1771 3532 1829 3582 p.
1867 3519 1966 3569 448
2020 3515 2292 3583 paenulam
2340 3517 2558 3570 abusive

446 3581 702 3650 disruptas
739 3590 885 3637 tonat
921 3585 1115 3638 aridum
1151 3585 1404 3652 reliquam
1440 3584 1713 3651 (reliquum
1743 3586 1989 3650 plerique
2024 3585 2169 3648 libri)
2208 3584 2340 3652 pede
2365 3585 2385 3651 ΙΙ
2413 3586 2513 3638 268
2595 3625 2609 3640 .

438 3665 497 3714 p.
538 3654 634 3704 183
670 3667 734 3704 ve
772 3658 825 3705 et

618 3721 716 3772 269
737 3668 820 3775 8Ν.
852 3738 907 3788 p.
942 3725 1038 3774 451
1082 3719 1342 3773 meridiem
1366 3720 1386 3786 ΙΙ
1414 3723 1513 3774 270
1549 3720 1687 3786 N.p.
1708 3723 1773 3772 45
1811 3719 2027 3773 inferum
2099 3720 2613 3773 aureasubduxerant

444 3788 588 3838 unde
621 3787 968 3842 subduxerant
1002 3789 1191 3854 volgo.-
1229 3788 1507 3841 -duxerunt
1539 3787 1771 3850 fortasse
1804 3805 1928 3840 vere
1963 3805 2023 3840 co
2062 3805 2132 3840 ex
2170 3790 2400 3855 optimus
2439 3787 2460 3856 ΙΙ
2508 3791 2605 3844 271

446 3853 517 3909 Ν.
547 3872 600 3922 p.
637 3857 702 3906 45
739 3872 889 3924 syrus
925 3873 953 3910 a
991 3872 1175 3924 graeco
1217 3856 1226 3924 Ι
1266 3858 1601 3923 erumpebant
1633 3855 1864 3918 fortasse
1892 3873 1997 3923 pro
2032 3860 2310 3923 eruperunt
2344 3857 2365 3923 11
2399 3858 2499 3909 272
2536 3857 2610 3911 Ν.

436 3939 494 3988 p.
535 3928 598 3978 79
638 3923 874 3990 bipennis
904 3924 913 3989 1
944 3941 1007 3978 an
1046 3940 1141 3978 nos
1173 3924 1194 3993 fl
1239 3927 1336 3978 273
1373 3925 1442 3980 Ν.
1472 3942 1527 3992 p.
1569 3929 1670 3978 254
1706 3940 1889 3993 capere
1918 3924 1929 3992 Ι
1959 3925 2295 3977 intercidisse
2320 3930 2460 3991 puto
2498 3927 2615 3978 tale

447 3991 529 4044 vel
563 3991 825 4057 Bosporos
852 3991 871 4060 ΙΙ
895 3996 994 4045 274
1030 3992 1097 4046 Ν.
1118 4009 1174 4057 p.
1202 3996 1267 4046 79
1302 3993 1539 4059 bipennis
1570 3993 1580 4062 Ι
1611 3993 1796 4046 delune
1843 3993 2081 4061 bipennis
2118 3994 2244 4045 libri
2278 3999 2330 4045 et
2363 3993 2612 4060 bipennis

445 4061 658 4124 quidem
692 4061 923 4121 sortasse
955 4065 1071 4127 ipse
1103 4060 1314 4112 Nonius
