2881 4580
1195 283 1473 337 SATIRAE
2313 285 2350 345 3
2361 288 2390 345 l

175 464 228 515 Η
240 475 386 519 num
416 457 586 518 lavat.
647 457 862 519 videris
902 456 1064 530 mihi,
1110 458 1540 537 Agamemnon,
1586 458 1808 520 dicere:
1857 458 2036 537 “quid
2079 459 2186 520 iste
2216 478 2388 541 argu·
2412 463 2495 524 46

237 552 323 604 tat
349 543 641 604 molestus
655 541 725 603 ‘t”
785 542 917 620 quia
948 551 1012 603 tu
1035 588 1050 616 ,
1084 543 1182 621 qui
1212 550 1383 621 potes
1414 539 1646 626 [loqui]‚
1695 562 1816 605 non
1849 544 2113 624 loquere.
2178 564 2299 605 non
2332 565 2397 607 es

242 637 487 690 nostrae
532 628 778 701 fasciae,
824 637 882 688 et
923 627 1056 689 ideo
1101 645 1500 707 pauperorum
1545 628 1720 689 verba
1765 629 2014 691 derides.
2074 630 2292 692 scimus
2335 639 2394 692 te

242 730 390 793 prae
437 713 641 774 literas
698 714 920 773 fatuum
968 731 1116 774 esse.
1177 712 1317 791 quid
1349 731 1490 793 ergo
1531 711 1669 775 est?
1713 713 1904 793 aliqua
1937 714 2030 775 die
2060 722 2118 775 te
2147 733 2394 793 persua·

172 810 198 862 5
244 798 415 859 deam
447 807 514 859 ut
543 796 615 857 ad
646 797 839 858 villam
865 798 1065 859 venias
1109 806 1168 858 et
1196 798 1390 859 videas
1432 799 1661 860 casulas
1704 797 1982 860 nostras?
2026 800 2394 863 inveniemus

243 882 405 962 quod
434 883 892 955 manducemuS,
922 883 1147 962 pullum
1169 929 1183 955 ,
1217 901 1353 943 ova:
1385 883 1538 945 belle
1569 884 1709 957 erit,
1754 884 1928 945 etiam
1973 884 2020 945 si
2052 884 2248 946 omnia
2278 887 2394 947 hoc

244 987 404 1029 anno
448 976 768 1047 tempestas
812 968 1044 1047 dispare
1091 967 1352 1047 pallavit:
1409 967 1777 1030 inveniemus
1820 987 1962 1050 ergo
2007 970 2167 1031 unde
2212 972 2395 1031 saturi

245 1055 474 1115 fiamus.
533 1062 593 1113 et
622 1053 736 1113 iam
766 1053 870 1113 tibi
904 1053 1226 1132 discipulus
1255 1053 1470 1114 crescit
1500 1054 1693 1115 cicaro
1725 1072 1911 1116 meus.
1972 1055 2086 1115 iam
2117 1064 2395 1133 quattuor

243 1139 429 1217 partis
460 1137 629 1213 dicit;
661 1138 710 1200 si
742 1138 965 1211 vixerit,
996 1137 1237 1199 habebis
1270 1138 1339 1198 ad
1384 1138 1538 1199 latus
1567 1140 1881 1200 servulum.
1945 1158 2080 1200 nam
2113 1141 2393 1219 quicquid

142 1234 196 1287 10
240 1223 328 1284 illi
356 1231 538 1295 vacat,
571 1231 747 1302 caput
774 1224 848 1283 de
881 1222 1075 1283 tabula
1108 1242 1230 1284 non
1261 1222 1432 1287 tollit.
1493 1223 1837 1303 ingeniosus
1868 1234 1957 1285 est
1988 1234 2045 1285 et
2074 1225 2233 1285 bono
2265 1226 2385 1299 filo,

244 1308 419 1369 etiam
452 1308 586 1370 siin
610 1325 743 1368 aves
763 1308 1078 1369 morbosus
1102 1318 1207 1369 est.
1255 1326 1362 1386 ego
1390 1308 1473 1368 illi
1504 1309 1616 1368 iam
1650 1318 1772 1370 tres
1802 1310 2064 1370 cardeles
2095 1309 2301 1383 occidi,
2333 1322 2392 1372 et

243 1393 365 1454 dixi
399 1393 557 1471 quod
586 1393 855 1453 mustella
878 1393 1152 1454 comedit.
1199 1393 1424 1453 invenit
1453 1398 1647 1453 tamen
1682 1394 1823 1455 alias
1853 1395 2079 1467 nenias,
2110 1404 2170 1454 et
2197 1394 2390 1456 liben-

242 1478 469 1539 tissime
501 1477 711 1557 pingit.
759 1488 1018 1538 ceterum
1051 1478 1165 1538 iam
1189 1477 1490 1540 Graeculis
1520 1478 1737 1539 calcem
1768 1478 2042 1558 impingit
2072 1488 2130 1539 et
2152 1479 2390 1542 Latinas

244 1564 446 1642 coepit
475 1582 595 1624 non
629 1562 779 1623 male
811 1573 1121 1642 appetere,
1167 1563 1340 1623 etiam
1371 1564 1419 1625 si
1454 1564 1729 1642 magister
1758 1564 1884 1625 eius
1913 1564 2023 1625 sibi
2056 1564 2294 1643 placens
2325 1567 2390 1626 fit

142 1659 196 1710 15
243 1666 357 1708 nec
385 1666 510 1708 uno
539 1647 672 1709 loco
703 1648 993 1722 consistit,
1025 1649 1126 1709 sed
1160 1647 1336 1721 venit,
1370 1650 1502 1709 dem
1534 1650 1748 1722 literas,
1779 1649 1879 1710 sed
1915 1667 2035 1709 non
2071 1649 2192 1710 vult
2219 1649 2387 1711 labo·

238 1751 394 1794 rare.
436 1742 528 1794 est
557 1743 616 1793 et
643 1733 791 1793 alter
815 1751 937 1793 non
966 1733 1199 1812 quidem
1226 1733 1455 1807 doctuS,
1487 1734 1588 1795 sed
1613 1734 1901 1805 curiosus,
1933 1735 2034 1813 qui
2058 1735 2191 1814 plus
2214 1736 2388 1797 docet

240 1836 417 1897 quam
448 1819 578 1879 scit.
625 1817 820 1897 itaque
849 1817 1071 1879 feriatis
1100 1818 1309 1880 diebus
1337 1819 1489 1879 solet
1509 1820 1748 1880 domum
1770 1820 1990 1894 venire,
2022 1829 2082 1880 et
2104 1820 2383 1900 quicquid

239 1903 490 1978 dederiS,
522 1911 839 1965 contentus
870 1913 978 1965 est.
1038 1903 1151 1963 emi
1184 1921 1325 1982 ergo
1357 1922 1521 1964 nunc
1547 1923 1731 1984 puero
1762 1904 1985 1983 aliquot
2012 1903 2158 1965 libra
2192 1906 2385 1967 rubri-

242 1996 389 2061 cata,
414 1989 550 2066 quia
564 1988 696 2049 volo
719 1987 881 2049 illum
908 1988 981 2048 ad
1003 1987 1413 2049 domusionem
1436 1989 1654 2068 aliquid
1680 1989 1751 2050 de
1774 1989 1902 2051 iure
1925 1998 2179 2069 gustare.
2210 1991 2388 2053 habet

142 2086 195 2137 20
239 2073 386 2134 haec
409 2091 505 2135 res
528 2092 760 2153 panem.
795 2091 931 2134 nam
950 2073 1135 2134 literis
1155 2074 1292 2134 satis
1322 2074 1665 2152 inquinatus
1689 2083 1796 2135 est.
1842 2074 1998 2153 quod
2024 2076 2070 2136 si
2095 2076 2385 2151 resilierit,

240 2159 526 2220 destinavi
571 2158 734 2218 illum
780 2158 1007 2219 artificii
1038 2159 1282 2231 docere,
1330 2167 1431 2219 aut
1472 2159 1867 2220 tonstreinum
1898 2169 2000 2220 aut
2027 2177 2383 2238 praeconem

240 2251 346 2306 aut
377 2252 536 2305 certe
581 2243 972 2317 causidicum,
1018 2243 1176 2322 quod
1220 2243 1303 2304 illi
1334 2244 1569 2305 auferre
1614 2261 1737 2304 non
1783 2243 1970 2323 possit
2013 2243 2124 2305 nisi
2173 2244 2382 2306 Orcus·

240 2330 376 2390 ideo
405 2329 490 2390 illi
521 2329 735 2390 cotidie
767 2328 982 2389 clamo:
1030 2328 1395 2408 “Primigeni
1420 2372 1435 2401 ,
1469 2328 1645 2389 crede
1675 2328 1848 2402 mihi,
1882 2329 2158 2407 quicquid
2193 2330 2384 2404 disciS‚

239 2413 350 2475 tibi
381 2414 576 2475 discis.
620 2414 780 2475 vides
805 2414 1178 2474 Phileronem
1210 2414 1603 2474 causidicum:
1634 2413 1685 2474 si
1716 2432 1836 2473 non
1870 2413 2182 2487 didicisset,
2212 2415 2386 2476 hodie

138 2512 194 2564 25
238 2499 454 2560 famem
484 2518 515 2560 a
545 2498 725 2560 labris
757 2518 877 2560 non
910 2498 1188 2577 abigeret.
1246 2498 1444 2576 modo,
1477 2498 1652 2559 modo
1685 2498 1835 2558 collo
1866 2516 1973 2559 suo
2004 2499 2385 2561 circumfere-

239 2584 343 2645 bat
374 2602 557 2645 onera
586 2584 843 2656 venalia,
891 2602 1055 2645 nunc
1100 2584 1273 2644 etiam
1318 2584 1597 2645 adversus
1624 2582 1966 2644 Norbanum
2011 2602 2073 2645 se
2105 2586 2384 2646 extendit.

241 2670 445 2731 literae
476 2670 816 2730 thesaurum
848 2677 957 2743 est,
988 2678 1049 2729 et
1077 2669 1387 2730 artificium
1421 2687 1725 2747 nunquam
1757 2668 2065 2729 moritur''.

415 2753 699 2815 eiusmodi
731 2754 961 2815 fabulae
990 2754 1329 2828 vibrabant,
1376 2772 1511 2815 cum
1544 2753 1897 2815 Trimalchio
1930 2755 2163 2815 intravit
2191 2765 2250 2817 et
2278 2755 2381 2816 de·
2406 2751 2484 2811 47

240 2847 398 2900 tersa
429 2841 627 2899 fronte
658 2848 965 2920 unguento
996 2857 1207 2899 manus
1236 2838 1371 2899 lavit
1399 2839 1707 2918 spatioque
1751 2838 1994 2900 minimo
2042 2841 2389 2921 interposito

135 2938 194 2991 30
242 2924 553 3003 ‘ignoscite
582 2923 745 2984 mihi’
775 2924 970 3002 inquit
1000 2923 1206 2996 ‘amici,
1241 2923 1438 2984 multis
1468 2924 1583 2984 iam
1614 2923 1822 2985 diebus
1852 2934 2059 2985 venter
2086 2928 2231 2988 mihi
2262 2946 2384 2988 non

240 3009 570 3088 respondit.
631 3027 745 3070 nec
805 3007 1014 3069 medici
1069 3027 1133 3069 se
1176 3008 1508 3069 inveniunt.
1568 3009 1792 3087 profuit
1836 3009 1977 3069 mibi
2025 3019 2219 3073 tamen
2265 3030 2389 3073 ma-

239 3094 513 3155 licorium
546 3103 606 3154 et
634 3094 804 3154 taeda
835 3112 906 3154 ex
935 3103 1120 3154 aceto.
1181 3111 1355 3171 spero
1389 3105 1587 3154 tamen
1606 3140 1620 3167 ‚
1666 3093 1779 3153 iam
1810 3103 2066 3155 veterem
2097 3099 2386 3176 pudorem

240 3178 358 3241 sibi
386 3179 672 3260 imponet.
732 3178 989 3257 alioquin
1023 3178 1178 3239 circa
1206 3179 1569 3240 stomachum
1616 3178 1758 3238 mihi
1802 3190 2001 3251 sonat,
2045 3191 2216 3259 putes
2259 3189 2387 3242 tau-

240 3282 397 3325 rum.
459 3265 657 3342 itaque
687 3264 736 3325 si
767 3264 898 3342 quis
927 3271 1184 3324 vestrum
1216 3264 1468 3324 voluerit
1496 3281 1600 3325 sua
1630 3282 1693 3323 re
1726 3259 1946 3345 [causa]
1991 3266 2182 3326 facere
2202 3310 2218 3338 ,
2263 3284 2386 3326 non

134 3364 193 3415 35
240 3359 330 3411 est
360 3349 521 3427 quod
553 3349 714 3409 illum
760 3349 1068 3427 pudeatur.
1129 3366 1305 3409 nemo
1351 3357 1622 3410 nostrum
1667 3348 1850 3409 solide
1896 3359 2068 3412 natus
2112 3359 2217 3410 est.
2278 3368 2386 3428 ego

243 3434 474 3495 nullum
531 3442 675 3514 puto
730 3442 849 3494 tam
909 3452 1185 3512 magnum
1244 3442 1609 3495 tormentum
1654 3452 1781 3494 esse
1841 3451 2016 3511 quam
2062 3435 2386 3496 continere.

413 3636 445 3687 2
482 3640 632 3701 potes
677 3634 886 3702 loquere
936 3648 1036 3685 non
1084 3633 1225 3700 loqui
1253 3632 1327 3701 [17
1365 3634 1640 3703 dispalavit
1688 3634 1913 3685 Orellius
1938 3633 1957 3701 ΙΙ
1987 3638 2044 3687 11
2096 3649 2251 3687 naves
2279 3635 2299 3703 ΙΙ
2326 3639 2387 3690 13

238 3702 342 3755 iam
378 3703 583 3786 alumna
622 3718 879 3785 creperum
899 3701 1157 3755 Graeculis
1195 3703 1386 3785 calcem
1422 3704 1704 3785 impingere
1741 3703 1885 3754 novit
1920 3706 2161 3754 Petronii
2176 3704 2393 3755 Arbitri

240 3787 456 3891 ’3333ss
486 3771 1420 3905 ssssfiffisssssssssffi'ffiffiffi?
1435 3772 1761 3890 ZusJZZZZZ
1781 3772 2270 3905 ἵῗῧῖἑιὲἷιίιῑῗῗῗ
2288 3772 2391 3903 ἶᾶῗῖ

241 3907 538 3973 Fulgentio
577 3908 710 3957 haee
747 3922 904 3973 quam
938 3908 1189 3958 Petronio
1241 3907 1496 3971 digniora
1523 3906 1543 3973 ΙΙ
1574 3909 1636 3959 14
1670 3903 1744 3957 sil
1770 3907 1778 3973 Ι
1810 3909 1871 3960 15
1907 3905 2142 3968 fortasse
2176 3907 2393 3958 ventilat

243 3975 500 4097 gplildleginu
540 3977 602 4027 21
660 3973 931 4026 artificium
989 3974 1288 4037 Schefferus
1329 3974 1337 4042 Ι
1377 3974 1720 4027 constreinum
1751 3973 1759 4042 Ι
1806 3978 1866 4029 31
1926 3975 2251 4027 maleicorum
2278 3974 2298 4043 ss
2325 3977 2391 4027 32
