2881 4580
523 277 645 336 240
1270 278 1478 332 LEGES
1515 278 1921 332 CONVlVALES

521 465 639 515 tem
664 472 857 533 poena
881 451 1172 513 transibit.
1234 453 1391 530 quod
1417 452 1465 513 si
1488 462 1548 512 et
1572 463 1768 512 tumor
1793 452 1971 514 fuerit
2000 462 2058 513 et
2087 451 2254 525 livor,
2286 451 2455 513 solidi
2485 452 2668 513 unius
2711 462 2740 512 5

522 539 754 600 bessem
785 538 913 598 iure
959 537 1182 616 optimo
1229 548 1648 615 consequetur.
1737 555 1917 597 unam
1962 556 2102 598 vero
2149 537 2385 599 unciam
2430 537 2670 617 aposiae

522 619 657 708 [hoc
689 633 777 684 est
806 616 1190 706 excoctionis]
1221 622 1722 701 contemplatione
1753 622 2155 683 concedimus.
2222 621 2442 701 placuit
2471 634 2670 684 autem

522 720 591 770 ut
620 708 792 769 etiam
824 708 896 768 de
929 707 1115 787 plagis
1145 717 1204 767 et
1231 706 1577 768 vulneribus
1606 706 1802 769 infixis
1830 716 2127 769 summoto
2174 707 2425 787 strepitu
2469 707 2669 769 crimi-

526 794 644 855 nali
671 793 995 854 amicorum
1029 802 1361 871 praestetur
1389 792 1700 871 inspectio,
1743 793 1823 853 ita
1853 802 1920 853 ut
1950 792 2298 854 dodrantem
2340 792 2511 854 solidi
2557 811 2671 854 nec

524 878 944 959 inspicientum
977 877 1159 956 gratia
1192 896 1303 939 nec
1348 877 1651 958 largientis
1695 879 1938 941 excedat
1978 877 2333 942 humanitas.
2416 878 2477 938 in
2524 877 2669 938 luxu
2717 887 2775 937 ιο

524 973 720 1026 autem
752 972 812 1024 et
840 962 1074 1025 ossibus
1102 963 1235 1023 loco
1265 963 1443 1024 motis
1473 980 1664 1041 usque
1693 964 1762 1024 ad
1794 964 2085 1024 deuncem
2115 962 2287 1024 solidi
2316 962 2669 1024 iniuriarum

526 1048 904 1110 commodum
928 1048 1148 1128 placuit
1170 1047 1428 1109 extendi.
1488 1048 1627 1108 item
1654 1066 1835 1127 porro
1860 1049 1932 1109 de
1958 1048 2190 1109 ossibus
2219 1048 2421 1109 fractis
2450 1048 2677 1128 placuit

527 1134 925 1212 convenitque
956 1143 1023 1194 ut
1052 1133 1113 1193 in
1146 1133 1527 1195 minutalibus
1557 1133 1811 1206 solidus,
1855 1134 1912 1194 in
1946 1131 2375 1212 principalibus
2404 1152 2544 1194 vero
2578 1152 2674 1195 os-

525 1217 690 1281 sibus
719 1218 951 1297 argenti
980 1217 1128 1279 libra
1161 1227 1450 1297 protenus
1480 1218 1830 1279 traderetur.
1906 1236 2055 1297 quae
2098 1228 2292 1279 autem
2324 1218 2416 1279 vel
2444 1218 2674 1297 princi-

526 1304 678 1384 palia
706 1303 888 1364 videri
921 1322 1050 1365 ossa
1082 1302 1335 1364 debeant
1363 1303 1456 1364 vel
1485 1303 1741 1376 minuta,
1786 1302 2151 1365 medicorum
2196 1312 2479 1365 tractatus
2509 1304 2675 1364 inve·
2723 1312 2780 1362 15

525 1388 669 1450 niat.
722 1388 771 1450 si
793 1399 990 1449 autem
1015 1388 1303 1468 parasitus
1325 1388 1575 1468 amplius
1605 1406 1782 1468 quam
1813 1388 2190 1467 praefinitum
2222 1397 2311 1449 est
2339 1388 2674 1468 postularit,

527 1474 662 1554 plus
690 1474 856 1554 petiti
887 1474 1152 1553 periculo
1182 1474 1606 1552 stranguletur.
1666 1492 1771 1534 rex
1800 1473 2051 1535 convivii
2083 1472 2429 1535 iniuriarum
2462 1474 2675 1535 merita

525 1560 703 1619 etiam
736 1558 1079 1621 voluntariis
1109 1558 1611 1620 decertationibus
1640 1570 1887 1637 cogatur
1916 1558 2249 1633 exsolvere,
2293 1558 2374 1619 ita
2402 1568 2469 1620 ut
2499 1577 2673 1637 prae·

516 1644 709 1706 mium
734 1643 1037 1705 criminosi
1060 1647 1124 1704 in
1148 1643 1479 1705 mercedem
1503 1654 1763 1706 trauseat
1783 1643 2092 1705 vulnerati.
2136 1643 2197 1704 in
2221 1653 2450 1705 tantum
2476 1654 2675 1705 autem

525 1729 797 1809 parasitis
826 1728 1056 1790 consuli
1090 1729 1213 1789 iura
1243 1728 1591 1800 voluerunt,
1636 1739 1702 1790 ut
1745 1729 1793 1790 si
1826 1729 2167 1790 vulneribus
2212 1729 2481 1790 adflictus
2525 1748 2673 1790 con·
2723 1739 2784 1789 20

527 1823 736 1875 testata
781 1814 880 1874 lite
925 1814 1238 1886 defecerit,
1293 1814 1608 1875 heredibus
1653 1814 1779 1876 eius
1821 1814 2056 1893 paterni
2101 1813 2320 1875 laboris
2362 1832 2430 1875 ac
2473 1814 2673 1875 meriti

528 1899 784 1980 praemia
816 1918 937 1959 non
972 1908 1283 1979 negentur.
1345 1898 1503 1977 quod
1533 1899 1583 1961 si
1622 1899 1909 1979 parasitus
1952 1899 2213 1978 quamvis
2254 1909 2535 1960 tractatus
2578 1901 2674 1960 in-

529 1983 866 2064 commode,
911 1994 1111 2045 tamen
1141 1985 1214 2045 de
1244 1984 1411 2045 malis
1442 1984 1564 2046 suis
1593 1985 1906 2046 intestatus
1937 1984 2248 2059 occiderit,
2292 1983 2467 2046 heres
2497 2003 2672 2064 agere

530 2089 652 2131 non
687 2069 922 2148 poterit.
976 2069 1076 2148 qui
1102 2087 1307 2131 causas
1328 2069 1537 2130 mortis
1566 2089 1690 2130 non
1721 2069 2058 2142 reddiderit,
2083 2069 2424 2147 insepultus
2452 2068 2672 2131 abicia-

529 2167 645 2215 tur.
707 2164 766 2215 et
794 2155 939 2215 haec
971 2155 1170 2216 omnia
1200 2155 1284 2216 sic
1308 2154 1748 2227 constituimus,
1794 2155 1961 2233 quasi
1991 2155 2149 2215 inter
2193 2158 2521 2217 convivium
2558 2155 2671 2216 ho·
2720 2162 2780 2212 25

529 2240 757 2302 minum
787 2238 1112 2302 liberorum
1142 2248 1200 2302 et
1230 2239 1563 2320 aequalium
1601 2240 1909 2302 lasciviens
1937 2238 2110 2301 turba
2156 2240 2462 2302 desaeviat.
2532 2259 2669 2302 nam

527 2327 577 2388 si
608 2344 639 2386 a
672 2334 922 2405 patrono
953 2326 1044 2386 vel
1085 2344 1253 2387 servo
1299 2326 1535 2404 patroni
1581 2326 1870 2405 parasitus
1911 2335 2118 2388 contra
2163 2325 2322 2405 leges
2361 2327 2675 2406 pertulerit

527 2410 820 2484 iniuriam,
853 2410 1091 2473 habebit
1120 2410 1383 2490 fugiendi
1413 2411 1659 2472 liberam
1690 2420 2061 2490 potestatem.

699 2581 727 2630 7
766 2578 1182 2645 contemplationi
1231 2578 1314 2628 vel
1356 2578 1461 2629 -nis
1505 2578 1634 2629 libri
1671 2576 1692 2644 Ι
1736 2579 1767 2631 8
1809 2593 2007 2631 summo
2053 2576 2222 2629 eidem
2263 2578 2282 2644 ΙΙ
2327 2580 2390 2630 25
2439 2579 2572 2631 inter
2615 2594 2671 2632 se

526 2645 728 2696 Daniel
747 2646 766 2710 u
794 2644 866 2706 cf.
907 2646 1130 2711 Qum-oli
1161 2646 1460 2698 diver-bium
1493 2662 1545 2711 p.
1572 2648 1654 2709 58,
1689 2649 1779 2715 15:
1815 2651 2029 2714 potesne
2066 2646 2263 2698 discere
2299 2647 2439 2712 leges
2475 2649 2671 2700 novas?

528 2710 596 2763 M.
632 2713 862 2777 hahahe‚
885 2712 1025 2766 'illas
1063 2720 1267 2780 egomet
1313 2729 1376 2766 ex
1412 2723 1558 2780 parte
1594 2713 1815 2766 condidi.
1885 2713 1945 2774 Q.
1982 2721 2192 2766 senatus
2229 2714 2519 2767 consultum
2556 2714 2672 2767 dico

530 2778 871 2835 Servilianum
896 2787 947 2834 et
972 2782 1314 2849 parasiticum.
1374 2780 1443 2834 Μ.
1469 2781 1583 2845 obe,
1619 2782 1765 2834 visne
1798 2782 2181 2835 interdictorum
2207 2783 2374 2849 capita
2411 2783 2511 2835 iam
2537 2798 2673 2836 nunc

530 2848 779 2966 {loquar‘f
827 2849 889 2902 ad
938 2850 1105 2916 legem
1154 2849 1384 2902 Porciam
1431 2850 1694 2902 Caniniam
1728 2849 1927 2902 Furiam
1975 2850 2272 2902 consulibus
2309 2848 2571 2918 Torquato
2623 2856 2682 2904 et

577 2931 726 2970 aurea
