2881 4580
1166 249 1450 304 SATlRAE
2303 255 2384 313 95

125 421 375 482 Lointer
421 421 573 482 haec
619 421 860 481 nomina
905 439 1118 502 magna
1162 423 1257 483 fax
1300 424 1508 502 surgit.
1567 442 1734 485 sume
1764 444 1906 505 ergo
1937 427 2302 508 amplexum,
2332 429 2382 491 si

222 506 430 585 placet.
497 523 694 584 neque
740 513 830 567 est
869 507 1029 585 quod
1060 508 1359 569 curiosum
1392 508 1649 587 aliquem
1679 511 2053 575 extimescas:
2099 513 2277 594 longe
2308 514 2380 575 ab

221 591 333 652 boc
363 591 501 652 loco
534 591 716 652 frater
746 590 875 652 est.’
919 591 1064 652 dixit
1093 593 1237 653 haec
1268 592 1465 668 Circe,
1497 594 1967 675 implicitumque
1997 617 2093 659 me
2124 598 2385 661 brachiis

224 676 598 738 mollioribus
627 675 826 757 pluma
858 676 1099 738 deduxit
1126 677 1186 738 in
1222 687 1437 738 terram
1469 680 1630 739 vario
1661 681 1927 760 gramine
1959 683 2252 746 indutam:

154 771 183 820 5
530 761 710 822 Idaeo
742 760 946 840 quales
976 762 1127 823 fudit
1157 764 1229 823 de
1260 764 1479 824 vertice
1509 764 1686 826 flores

529 855 688 907 terra
717 864 955 925 parens,
988 865 1124 908 cum
1154 866 1218 909 se
1247 866 1538 910 concesso
1568 850 1761 911 iunxit
1789 850 1975 912 amori

529 930 799 1011 Iuppiter
830 941 892 992 et
919 940 1044 992 toto
1077 933 1357 1013 concepit
1384 943 1628 1014 pectore
1659 935 1953 998 flammas:

533 1016 829 1077 emicuere
858 1034 1030 1077 rosae
1057 1017 1366 1097 violaeque
1396 1026 1457 1079 et
1485 1019 1661 1080 molle
1692 1039 1974 1101 cyperon,

533 1101 785 1179 albaque
816 1102 889 1162 de
920 1101 1088 1163 viridi
1115 1102 1381 1164 riserunt
1408 1103 1527 1166 lilia
1559 1113 1759 1183 prato:

120 1194 182 1247 10
532 1185 665 1247 talis
694 1187 910 1247 humus
940 1186 1231 1247 Venerem
1263 1188 1471 1249 molles
1501 1189 1768 1251 clamavit
1795 1191 1857 1250 in
1889 1190 2125 1266 herbaS,

536 1271 957 1349 candidiorque
990 1271 1115 1333 dies
1144 1281 1375 1333 secreto
1406 1274 1548 1333 favit
1577 1275 1782 1335 amori.

395 1354 458 1415 in
482 1354 601 1416 hoc
623 1357 892 1435 gramine
908 1356 1133 1436 pariter
1152 1358 1470 1437 compositi
1491 1358 1651 1420 mille
1674 1360 1890 1422 osculis
1911 1360 2178 1435 lusimu8‚
2202 1379 2384 1440 quae-

226 1448 427 1501 rentes
456 1439 815 1519 voluptatem
852 1440 1155 1503 robustam
1283 1524 1316 1560 *

152 1603 198 1654 L
384 1607 395 1689 Ι
436 1610 598 1688 ‘quid
644 1607 793 1670 est‘I'
839 1611 1031 1689 inquit
1075 1612 1384 1690 ‘numquid
1431 1620 1489 1672 te
1535 1613 1802 1674 osculum
1846 1631 2046 1675 meum
2079 1611 2377 1677 offendit?
2427 1615 2548 1678 128

122 1701 175 1752 15
225 1693 515 1773 numquid
560 1694 803 1773 spiritus
846 1695 1068 1756 ieiunio
1113 1694 1430 1757 marcens?
1482 1698 1773 1776 numquid
1816 1698 2041 1760 alarum
2074 1699 2386 1779 negligens

224 1777 454 1840 sudor?
499 1787 601 1842 aut
630 1779 679 1840 si
709 1780 856 1841 haec
888 1799 1009 1841 non
1042 1789 1215 1855 sunt,
1257 1783 1548 1860 numquid
1579 1782 1792 1844 Gitona
1822 1784 1995 1845 times
2010 1782 2058 1844 ‘I'
2104 1785 2386 1865 perfusus

223 1882 333 1943 ego
378 1863 606 1925 rubore
649 1865 967 1926 manifesto
1011 1865 1187 1926 etiam
1231 1866 1281 1927 si
1326 1867 1465 1945 quid
1494 1867 1817 1929 habueram
1845 1870 2091 1944 virium,
2135 1870 2384 1950 perdidi,

221 1958 471 2029 totoque
517 1967 770 2028 corpore
801 1950 960 2012 velut
987 1950 1186 2012 luxato
1217 1951 1478 2030 ‘quaeso'
1514 1953 1756 2032 inquam
1789 1955 2044 2033 ‘regina,
2090 1955 2214 2017 noli
2244 1973 2386 2035 sug-

220 2035 429 2114 gillare
457 2034 746 2096 miserias,
804 2034 1095 2097 veneficio
1124 2044 1434 2099 contactus
1462 2038 1614 2098 sum’

1297 2143 1331 2180 *

122 2213 177 2264 20
393 2203 529 2277 ‘dic,
562 2203 821 2284 ChrysiS,
851 2204 953 2265 sed
984 2222 1221 2265 verum:
1255 2206 1544 2284 numquid
1578 2207 1862 2267 indecens
1884 2224 2014 2268 sum
2033 2205 2063 2267 ?
2095 2208 2383 2286 numquid

219 2286 574 2368 incompta?
622 2289 911 2368 numquid
956 2289 1029 2351 ab
1074 2290 1271 2369 aliquo
1317 2292 1569 2352 naturali
1608 2292 1749 2352 vitio
1779 2292 2031 2352 formam
2061 2312 2251 2353 meam
2282 2312 2384 2353 ex-

219 2371 450 2436 caeco?
496 2374 622 2436 noli
665 2375 941 2455 decipere
984 2376 1285 2437 dominam
1326 2384 1508 2436 tuam.
1569 2376 1771 2437 nescio
1804 2376 1941 2454 quid
1974 2378 2385 2455 peccavimus.’

217 2459 424 2539 rapuit
450 2459 667 2520 deinde
697 2462 918 2521 tacenti
946 2461 1275 2540 speculum,
1308 2469 1368 2522 et
1396 2468 1710 2541 postquam
1741 2478 1950 2522 omnes
1971 2462 2167 2525 vultus
2191 2472 2383 2543 temp-

220 2546 394 2620 tavit,
440 2562 594 2623 quos
636 2543 787 2605 solet
829 2547 987 2605 inter
1030 2555 1294 2607 amantes
1336 2546 1492 2607 risus
1521 2547 1786 2623 fingere,
1832 2548 2090 2608 excussit
2116 2556 2381 2609 vexatam

121 2640 173 2689 25
217 2630 345 2691 solo
386 2638 610 2691 vestem
639 2630 974 2709 raptimque
1006 2631 1209 2692 aedem
1242 2631 1492 2692 Veneris
1520 2630 1775 2692 intravit.
1831 2649 1941 2711 ego
1973 2641 2183 2694 contra
2219 2631 2384 2693 dam—

217 2724 399 2777 natus
444 2723 506 2775 et
549 2714 717 2793 quasi
760 2715 1015 2793 quodam
1059 2716 1190 2778 visu
1219 2716 1283 2777 in
1315 2716 1624 2777 horrorem
1656 2717 1981 2795 perductus
2009 2718 2382 2798 interrogare

217 2801 487 2862 animum
517 2817 718 2859 meum
748 2801 948 2880 coepi,
980 2818 1057 2860 an
1088 2819 1224 2862 vera
1254 2801 1556 2881 voluptate
1584 2800 1887 2863 fraudatus
1918 2820 2124 2865 essem.

121 2889 210 2941 Lo
485 2882 496 2969 Ι
536 2892 712 2945 nocte
741 2885 1070 2963 soporifera
1101 2885 1279 2947 veluti
1311 2905 1445 2947 cum
1478 2887 1707 2947 somnia
1738 2886 1956 2948 ludunt

534 2977 802 3030 errantes
832 2969 1037 3032 oculos
1068 2971 1399 3049 effossaque
1430 2971 1679 3051 protulit
1706 2989 1916 3032 aurum

122 3063 175 3114 30
425 3101 428 3102 ν
529 3054 593 3115 in
625 3053 817 3115 lucem
850 3055 1055 3116 tellus:
1088 3067 1277 3117 versat
1306 3074 1518 3117 manus
1547 3056 1821 3136 improba
1850 3059 2075 3119 furtum

533 3133 986 3222 [thesaurosque
1014 3142 1187 3221 rapit,
1219 3140 1404 3202 sudor
1433 3160 1671 3220 quoque
1702 3141 1920 3222 perluit
1951 3137 2075 3225 ora]

530 3231 590 3284 et
618 3233 881 3285 mentem
909 3225 1091 3286 timor
1118 3226 1271 3287 altus
1300 3226 1500 3299 habet,
1532 3245 1610 3287 ne
1640 3227 1795 3287 forte
1825 3236 2127 3306 gravatum

534 3310 790 3370 excutiat
818 3310 1109 3390 gremium
1140 3312 1351 3372 secreti
1383 3312 1662 3373 conscius
1691 3312 1857 3372 auri:

532 3412 670 3454 mox
701 3394 803 3456 ubi
833 3396 1119 3474 fugerunt
1149 3396 1373 3457 elusam
1402 3396 1613 3476 gaudia
1645 3404 1907 3457 mentem

122 3486 174 3537 35
529 3496 786 3559 veraque
816 3482 1007 3541 forma
1036 3480 1205 3555 redit,
1236 3482 1489 3556 animus,
1523 3481 1679 3560 quod
1711 3479 1984 3559 perdidit,
2017 3486 2181 3556 optat

531 3572 706 3643 atque
736 3565 798 3626 in
830 3566 1148 3645 praeterita
1178 3585 1242 3627 se
1273 3574 1434 3627 totus
1464 3566 1721 3644 imagine
1752 3571 1945 3625 versat

396 3732 421 3780 1
462 3729 661 3795 magica
697 3730 1020 3783 Strelitzius.
1088 3747 1188 3797 ego
1236 3734 1482 3783 orationi
1523 3731 1738 3796 aliquid
1782 3731 2079 3781 detractum
2103 3734 2241 3794 puto
2285 3728 2306 3796 ΙΙ
2349 3731 2379 3780 5

219 3795 389 3861 qualis
424 3796 832 3867 Hadrianidasss
860 3802 891 3852 6
925 3799 1163 3852 confesso
1185 3802 1206 3865 ΙΙ
1237 3802 1299 3853 12
1325 3802 1651 3866 quaerentes]
1680 3800 1811 3850 haec
1831 3798 2137 3865 separanda
2161 3812 2343 3849 censeo
2374 3799 2382 3861 Ι

225 3866 290 3915 14
306 3868 667 3931 praemissum
692 3867 833 3919 Circe
857 3866 922 3918 ad
943 3866 1259 3935 Polyaenum
1287 3866 1308 3935 ΙΙ
1335 3869 1396 3919 15
1416 3882 1586 3919 macer
1610 3867 1630 3934 ΙΙ
1658 3869 1722 3919 16
1750 3870 1857 3931 aut]
1882 3872 2008 3933 puto
2034 3866 2054 3935 ΙΙ
2083 3868 2144 3919 18
2167 3865 2342 3917 laxato

222 3932 288 3983 2⁰
312 3935 678 3999 praemissum
712 3935 854 3987 Circe
889 3935 909 4003 n
946 3938 1009 3989 21
1046 3938 1292 3987 Petronii
1319 3938 1506 4001 potuit
1537 3952 1647 3986 esse
1682 3934 1899 3987 formam
1936 3936 2100 3988 habeo
2137 3948 2380 3987 excaeca-

221 4001 367 4071 tamss
397 4003 465 4054 24
497 4001 734 4063 fortasse
766 4018 892 4055 usus
921 4003 930 4071 Ι
962 4003 1195 4070 frangere
1220 4003 1240 4070 ΙΙ
1268 4006 1332 4057 31
1370 4008 1513 4056 artus
1547 4004 1880 4069 florilegium
