2881 4580
1221 256 1505 310 SATIRAE
2351 258 2431 319 83

207 435 246 486 L
266 436 551 506 tanquam
584 427 647 489 in
680 427 1019 507 pestilentia
1047 446 1315 509 campos,
1359 429 1419 490 in
1455 429 1672 508 quibus
1705 430 1852 491 nihil
1881 431 2036 492 aliud
2070 441 2157 495 est
2187 434 2302 495 nisi
2334 448 2432 495 ca-

266 514 512 587 davera,
543 530 699 590 quae
729 513 1097 588 lacerantur,
1129 524 1231 574 aut
1259 515 1452 587 corvi,
1487 515 1591 594 qui
1616 516 1897 576 lacerant'

1338 619 1374 658 *

432 682 793 763 prudentior
833 681 1163 762 Eumolpus
1215 684 1508 744 convertit
1550 685 1620 745 ad
1671 684 1989 746 novitatem
2034 686 2118 747 rei
2164 694 2424 748 mentem

262 784 578 847 genusque
623 766 1000 829 divinationis
1043 768 1156 829 sibi
1203 787 1326 829 non
1374 768 1686 848 displicere
1731 771 2040 832 confessus
2080 779 2188 832 est.
2248 772 2431 832 iocari

192 857 220 906 5
262 871 372 934 ego
416 870 629 914 senem
675 851 907 931 poetica
952 851 1187 914 levitate
1216 853 1568 927 credebam,
1614 872 1750 915 cum
1781 855 1878 916 ille
1911 855 2155 917 ‘utinam
2188 856 2429 934 quidem

160 1279 215 1333 10

152 1788 213 1842 15

258 939 568 1002 sufficeret
611 937 830 1016 largior
873 954 1118 1011 scaena,
1164 937 1222 998 id
1254 948 1344 999 est
1371 941 1549 1000 vestis
1578 939 1922 1014 humanior,
1961 941 2426 1002 instrumentum

259 1023 499 1097 lautius,
533 1022 693 1101 quod
722 1020 1038 1102 praeberet
1067 1023 1378 1084 mendacio
1410 1024 1618 1084 fidem:
1656 1043 1774 1085 non
1807 1026 2183 1087 mehercules
2207 1043 2426 1106 penam

259 1109 427 1171 istam
486 1107 820 1180 differrem,
878 1108 983 1168 sed
1042 1108 1330 1169 continuo
1374 1126 1481 1170 vos
1526 1109 1596 1169 ad
1644 1128 1888 1190 magnas
1936 1130 2083 1191 opes
2125 1111 2426 1172 ducerem.

258 1194 469 1272 atquin
513 1192 835 1272 promitto,
889 1193 1169 1271 quicquid
1217 1194 1512 1272 exigeret,
1559 1194 1877 1257 dummodo
1923 1197 2184 1276 placeret
2229 1197 2425 1272 vestis,

259 1278 508 1358 rapinae
567 1296 797 1352 comes,
852 1285 912 1337 et
957 1277 1241 1356 quicquid
1285 1277 1541 1357 Lycurgi
1596 1278 1729 1339 villa
1787 1279 2191 1359 grassantibus
2247 1299 2423 1360 prae-

260 1363 502 1425 buisset.
566 1380 701 1423 nam
750 1378 1025 1423 nummos
1068 1362 1128 1422 in
1174 1372 1551 1442 praesentem
1596 1382 1770 1424 usum
1814 1366 1989 1426 deum
2034 1373 2282 1427 matrem
2312 1384 2421 1446 pro

260 1447 377 1509 fide
405 1465 514 1509 sua
545 1446 927 1509 reddituram'

433 1616 594 1694 ‘quid
627 1614 789 1693 ergo’
818 1616 1013 1693 inquit
1037 1615 1367 1695 Eumolpus
1390 1620 1708 1679 ‘cessamus
1739 1618 1985 1680 mimum
2017 1616 2426 1699 componere?

256 1701 434 1763 facite
478 1718 624 1780 ergo
670 1718 765 1760 me
804 1700 1144 1774 dominum,
1190 1699 1239 1762 si
1271 1702 1596 1780 negotiatio
1627 1703 1858 1782 placet!
1919 1721 2096 1765 nemo
2128 1722 2307 1765 ausus
2338 1712 2429 1765 est

257 1795 446 1848 artem
494 1787 777 1847 damnare
808 1785 958 1846 nihil
985 1786 1373 1847 auferentem.
1432 1787 1633 1867 i'taque
1664 1795 1734 1850 ut
1761 1788 2003 1850 duraret
2029 1789 2189 1850 inter
2220 1807 2427 1851 omnes

257 1880 455 1933 tutum
501 1870 910 1943 mendacium,
955 1871 1018 1932 in
1061 1870 1242 1931 verba
1272 1870 1552 1952 Eumolpi
1595 1883 2030 1935 sacramentum
2061 1874 2423 1937 iuravimus:

255 1957 382 2031 uri,
415 1955 659 2030 vinciri,
691 1954 994 2016 verberari
1022 1956 1302 2034 ferroque
1334 1957 1557 2032 necari,
1588 1966 1647 2019 et
1676 1959 1959 2037 quicquid
1989 1958 2146 2020 aliud
2177 1959 2423 2021 Eumol-

253 2060 370 2121 pus
400 2041 689 2104 iussisset.
755 2049 1039 2118 tanquam
1083 2040 1324 2119 legitimi
1356 2041 1709 2121 gladiatores
1737 2044 1978 2105 domino
2010 2062 2266 2124 corpora
2294 2045 2423 2105 ani·

254 2144 504 2204 masque
555 2125 997 2205 religiosissime
1043 2124 1384 2188 addicimus.
1459 2136 1597 2206 post
1639 2137 1943 2206 peractum
1987 2137 2424 2190 sacramentum

252 2211 547 2273 serviliter
592 2211 712 2272 ficti
756 2210 1065 2271 dominum
1110 2210 1583 2285 consalutamus,
1630 2212 1965 2292 elatumque
2009 2212 2082 2273 ab
2128 2212 2422 2293 Eumolpo

250 2297 442 2358 filium
472 2297 700 2376 pariter
732 2295 1149 2371 condiscimus,
1183 2297 1454 2357 iuvenem
1487 2298 1749 2377 ingentis
1780 2299 2154 2377 eloquentiae
2186 2307 2245 2359 et
2274 2299 2422 2377 spei,

252 2383 510 2460 ideoque
541 2382 614 2442 de
643 2381 873 2442 civitate
904 2398 1008 2442 sua
1037 2381 1442 2442 miserrimum
1475 2399 1682 2443 senem
1705 2383 1917 2456 exisse,
1948 2402 2026 2443 ne
2049 2393 2152 2444 aut
2175 2383 2424 2445 clientes

250 2468 604 2545 sodalesque
650 2466 754 2526 filii
796 2466 887 2528 sui
933 2475 1033 2527 aut
1076 2466 1413 2546 sepulcrum
1462 2467 1726 2546 quotidie
1770 2485 2014 2528 causam
2045 2468 2425 2529 lacrimarum

251 2560 549 2613 cerneret.
609 2551 925 2613 accessisse
968 2551 1107 2611 huic
1151 2550 1420 2612 tristitiae
1465 2552 1804 2631 proximum
1836 2553 2213 2631 naufragium
2239 2599 2254 2626 ,
2300 2571 2420 2631 quo

250 2637 510 2716 amplius
569 2636 748 2697 vicies
802 2636 1138 2697 sestertium
1182 2636 1474 2711 amiserit3
1535 2655 1648 2698 nec
1692 2636 1855 2698 illum
1902 2638 2125 2700 iactura
2170 2639 2416 2712 moveri,

249 2723 355 2784 sed
387 2722 730 2783 destitutum
755 2720 1086 2782 ministerio
1118 2740 1242 2782 non
1272 2739 1600 2800 agnoscere
1632 2723 1974 2801 dignitatem
2003 2741 2191 2785 suam.
2246 2740 2420 2803 prae-

249 2815 415 2868 terea
447 2806 663 2867 habere
693 2806 754 2867 in
777 2806 974 2868 Africa
1005 2806 1326 2868 trecenties
1355 2807 1694 2869 sestertium
1724 2808 1926 2870 fundis
1950 2807 2417 2888 nominibusque

250 2892 587 2971 depositum
605 2909 622 2964 ;
667 2909 804 2951 nam
834 2890 1112 2951 familiam
1144 2892 1382 2970 quidem
1413 2900 1533 2953 tam
1564 2910 1838 2973 magnam
1867 2911 1977 2973 per
2007 2912 2182 2973 agros
2209 2894 2416 2955 Numi·

250 2977 387 3038 diae
418 2994 547 3038 esse
576 2994 840 3055 sparsam
860 3022 876 3049 ,
908 2984 977 3036 ut
1006 2976 1193 3055 possit
1221 2977 1313 3037 vel
1344 2976 1757 3057 Carthaginem
1791 2997 2024 3059 capere.
2085 2980 2417 3042 secundum

246 3063 407 3123 hanc
450 3061 766 3123 formulam
812 3062 1173 3140 imperamus
1218 3061 1546 3143 Eumolpo,
1592 3071 1661 3124 ut
1701 3063 2026 3142 plurimum
2069 3064 2308 3138 tussiat,
2353 3072 2422 3124 ut

247 3148 328 3209 sit
385 3146 563 3208 modo
620 3147 922 3208 solutioris
976 3146 1264 3207 stomachi
1324 3146 1612 3225 cibosque
1655 3166 1864 3210 omnes
1906 3148 2101 3229 palam
2145 3150 2420 3223 damnet3

249 3233 533 3311 loquatur
575 3249 783 3293 aurum
829 3241 887 3293 et
925 3240 1235 3309 argentum
1266 3232 1604 3310 fundosque
1633 3233 1950 3295 mendaces
1982 3242 2043 3294 et
2067 3241 2417 3313 perpetuam

249 3326 550 3378 terrarum
581 3316 949 3377 sterilitatem
971 3334 987 3387 3
1020 3316 1217 3377 sedeat
1250 3325 1557 3395 praeterea
1582 3318 1844 3396 quotidie
1868 3319 1937 3379 ad
1963 3317 2225 3379 rationes
2246 3316 2419 3377 tabu-

248 3403 456 3482 lasque
486 3402 822 3463 testamenti
856 3400 1138 3461 omnibus
1166 3402 1455 3464 mensibus
1484 3411 1747 3464 renovet.
1801 3412 1861 3463 et
1890 3421 1966 3463 ne
1997 3402 2140 3481 quid
2169 3419 2418 3463 scaenae

248 3487 500 3559 deesset,
533 3486 1009 3564 quotiescunque
1040 3485 1295 3565 aliquem
1323 3496 1596 3549 nostrum
1618 3506 1832 3548 vocare
1855 3495 2217 3565 temptasset,
2240 3487 2419 3548 alium

249 3590 362 3652 pro
404 3571 518 3632 alio
550 3579 820 3645 vocaret,
866 3580 933 3631 ut
962 3570 1133 3631 facile
1162 3583 1479 3651 appareret
1507 3572 1815 3633 dominum
1848 3572 2024 3633 etiam
2054 3589 2262 3633 eorum
2291 3590 2418 3634 me-

249 3657 529 3730 minisse,
561 3656 662 3734 qui
694 3662 1045 3736 praesentes
1075 3674 1199 3717 non
1232 3667 1452 3719 essent.

423 3810 453 3858 5
492 3805 722 3872 quidem]
758 3804 1102 3857 inserendum
1138 3804 1347 3871 inquitfl
1377 3809 1406 3857 7
1444 3803 1601 3856 latius
1630 3803 1643 3872 Ι
1672 3820 1818 3871 spem
1856 3806 2157 3869 Iacobsim,
2192 3805 2422 3871 rapinam

249 3890 349 3939 ego
374 3877 581 3925 conieci
607 3873 627 3942 ΙΙ
650 3878 682 3928 9
721 3875 926 3941 exigere
953 3877 1255 3925 correctum
1288 3874 1349 3922 in
1372 3872 1758 3937 Scaliger-ano.-
1800 3876 2008 3926 conieci
2041 3874 2270 3940 exigeret
2292 3872 2422 3924 duce

249 3956 350 4008 me,
383 3941 540 3994 modo
567 3942 587 4010 ΙΙ
614 3945 676 3995 21
717 3942 1034 3994 condicimus
1060 3939 1082 4009 ΙΙ
1107 3944 1166 3993 31
1210 3939 1383 4003 modo]
1422 3941 1701 3992 intercidit
1733 3943 1962 4009 aliquid,
1999 3941 2232 4004 tortasse
2266 3939 2422 3992 modo

250 4009 590 4064 adstrictioris
619 4012 639 4076 ΙΙ
664 4012 729 4063 33
767 4010 1065 4062 felicitatem
1099 4008 1485 4074 Scaliger-anus

1937 4094 2011 4146 6*

2479 690 2602 751 117
