2881 4580
1195 309 1474 364 SATIRAE
2330 314 2406 372 97

163 490 443 543 Lounum
475 490 810 554 memento,
846 499 967 542 non
997 500 1094 543 me
1122 483 1222 543 sed
1253 483 1649 545 instrumenta
1680 503 1972 563 peccasse.
2031 496 2271 566 paratus
2301 489 2411 549 mi·

260 568 341 629 les
370 585 537 628 arma
570 585 692 628 non
728 566 924 627 habui.
986 567 1119 646 quis
1148 568 1262 628 hoc
1290 568 1648 643 turbaverit,
1697 571 1914 631 nescio.
1987 572 2233 634 forsitan
2282 574 2410 634 ani—

262 672 391 714 mus
422 651 744 714 antecessit
774 653 1043 732 corporis
1071 670 1318 725 moram,
1348 655 1593 716 forsitan
1628 655 1767 715 dum
1798 656 1995 717 omnia
2026 659 2409 737 concupisco,

260 739 622 818 voluptatem
663 747 932 816 tempore
976 739 1336 817 consumpsi.
1398 758 1520 801 non
1568 741 1824 814 invenio,
1857 742 2016 820 quod
2048 742 2178 803 feci.
2240 761 2406 822 para-

190 834 219 883 5
261 823 407 904 lysin
441 831 639 885 tamen
675 840 877 885 cavere
909 823 1111 884 iubes:
1157 832 1437 903 tanquam
1486 844 1552 887 ea
1597 825 1784 887 maior
1827 827 1952 887 fieri
1998 829 2213 906 possit,
2261 848 2410 908 quae

264 908 506 970 abstulit
534 908 696 984 mihi,
742 926 850 987 per
894 908 1052 986 quod
1089 910 1260 969 etiam
1305 917 1363 969 te
1410 910 1626 972 habere
1671 913 1856 992 potui.
1944 930 2167 973 summa
2213 924 2408 974 tamen

264 993 660 1055 excusationis
687 1011 852 1054 meae
883 993 1028 1055 haec
1058 1002 1174 1055 est:
1207 994 1454 1073 placebo
1485 996 1611 1071 tibi,
1643 998 1692 1058 si
1722 1015 1817 1058 me
1840 997 2072 1076 culpam
2099 999 2411 1060 emendare

261 1078 619 1159 permiseris’

1325 1161 1359 1198 *

197 1263 242 1315 L
442 1247 453 1331 Ι
492 1249 727 1311 dimissa
772 1267 907 1310 cum
954 1248 1240 1310 eiusmodi
1284 1249 1706 1329 pollicitatione
1738 1251 2018 1332 Chryside
2048 1253 2245 1314 curavi
2285 1253 2413 1314 dili·

171 1344 225 1394 10
271 1336 509 1416 gentius
569 1334 1045 1396 noxiosissimum
1107 1352 1358 1413 corpus,
1419 1334 1751 1414 balneoque
1808 1338 2126 1416 praeterito
2186 1338 2413 1399 modica

267 1421 549 1483 unctione
580 1437 739 1493 usus,
771 1438 905 1480 mox
938 1419 1084 1481 cibis
1114 1419 1491 1481 validioribus
1520 1428 1749 1500 pastus,
1792 1422 1849 1482 id
1894 1431 1981 1483 est
2011 1422 2206 1484 bulbis
2235 1423 2414 1484 coch-

265 1509 611 1584 learumque
642 1505 771 1566 sine
801 1505 930 1566 iure
961 1505 1305 1577 cervicibus,
1337 1505 1507 1566 hausi
1532 1506 1767 1584 parcius
1797 1524 2047 1568 merum.
2107 1508 2247 1569 hinc
2275 1517 2413 1569 ante

265 1610 540 1654 somnum
572 1590 858 1652 levissima
903 1590 1301 1651 ambulatione
1346 1591 1712 1670 compositus
1753 1592 1881 1653 sine
1911 1591 2125 1654 Gitone
2170 1594 2413 1654 cubicu-

265 1678 387 1739 lum
449 1675 682 1737 intravi.
770 1683 931 1736 tanta
976 1683 1102 1736 erat
1143 1675 1412 1754 placandi
1446 1694 1619 1750 cura,
1677 1684 1743 1737 ut
1798 1677 2098 1751 timerem,
2145 1697 2220 1739 ne
2264 1678 2414 1739 latus

172 1770 225 1819 15
268 1779 467 1823 meum
499 1763 682 1829 frater
713 1760 1087 1822 convelleret.
1145 1770 1385 1840 postero
1417 1762 1528 1834 die,
1563 1780 1697 1823 cum
1729 1763 1857 1824 sine
1889 1764 2114 1824 offensa
2145 1763 2415 1844 corporis

268 1847 568 1926 animique
599 1846 1099 1908 consurrexissem
1119 1891 1134 1919 ,
1164 1845 1224 1906 in
1259 1847 1513 1907 eundem
1544 1847 1859 1927 platanona
1891 1848 2205 1923 descendi,
2238 1851 2411 1910 etiam

267 1935 315 1995 si
350 1933 547 1993 locum
579 1931 1010 2011 inauspicatum
1044 1931 1348 2011 timebam,
1395 1932 1684 2011 coepique
1728 1934 1886 1994 inter
1929 1934 2172 1995 arbores
2201 1934 2411 1996 ducem

268 2017 502 2079 itineris
545 2025 854 2096 expectare
914 2015 1271 2097 Chrysidem.
1362 2036 1475 2078 nec
1525 2018 1625 2079 diu
1676 2019 1957 2098 spatiatus
2010 2019 2414 2093 consederam,

269 2104 372 2164 ubi
401 2103 686 2164 hesterno
718 2103 811 2164 die
840 2104 1099 2175 sueram,
1133 2120 1267 2162 cum
1298 2102 1393 2162 illa
1424 2103 1586 2163 intus
1614 2104 1775 2165 venit
1804 2105 2077 2165 comitem
2123 2105 2413 2166 aniculam

168 2194 223 2244 20
264 2189 527 2250 trahens.
589 2195 764 2266 atque
793 2196 861 2248 ut
888 2205 983 2248 me
1014 2186 1417 2260 consalutavit,
1452 2186 1613 2266 ‘quid
1645 2188 1750 2249 est'
1780 2189 1973 2268 inquit
2002 2190 2271 2261 ‘fastose‚
2317 2208 2415 2250 ec-

269 2273 410 2355 quid
440 2274 659 2335 bonam
691 2281 953 2335 mentem
980 2272 1199 2334 habere
1227 2272 1473 2353 coepisti
1488 2269 1537 2333 ‘t’

439 2359 539 2420 illa
582 2360 654 2420 de
694 2359 830 2420 sinu
874 2358 1070 2420 licium
1116 2358 1365 2438 protulit
1405 2358 1549 2418 varii
1579 2357 1796 2419 coloris
1826 2358 1937 2419 filis
1967 2359 2253 2420 intortum
2287 2377 2416 2420 cer-

269 2446 579 2524 vicemque
620 2444 807 2504 vinxit
847 2462 1057 2504 meam.
1133 2462 1266 2504 mox
1309 2442 1608 2504 turbatum
1655 2454 1830 2522 sputo
1876 2443 2175 2523 pulverem
2224 2444 2413 2505 medio

267 2530 507 2593 sustulit
534 2530 716 2609 digito
746 2530 1126 2607 frontemque
1156 2529 1546 2608 repugnantis
1575 2528 1823 2607 signavit

165 2713 221 2763 25
437 2700 553 2761 hoc
584 2707 824 2779 peracto
869 2698 1129 2760 carmine
1174 2706 1266 2759 ter
1306 2717 1400 2759 me
1446 2698 1615 2760 iussit
1660 2717 1918 2778 expuere
1947 2707 2156 2778 terque
2188 2699 2416 2779 lapillos

270 2786 549 2847 conicere
579 2786 639 2846 in
673 2785 901 2857 sinum,
948 2802 1100 2863 quos
1143 2784 1267 2863 ipsa
1312 2793 1724 2863 praecantatos
1768 2803 2031 2864 purpura
2075 2785 2414 2858 involverat,

268 2872 642 2951 admotisque
671 2869 944 2930 manibus
975 2878 1261 2949 temptare
1285 2869 1482 2950 coepit
1504 2870 1816 2949 inguinum
1839 2872 2010 2932 vires.
2056 2871 2211 2931 dicto
2243 2871 2417 2932 citius

272 2957 439 3018 nervi
470 2963 801 3036 paruerunt
829 2954 1075 3034 imperio
1107 2972 1437 3034 manusque
1468 2955 1733 3015 aniculae
1763 2955 1991 3035 ingenti
2022 2964 2184 3017 motu
2218 2956 2416 3036 reple-

267 3050 505 3103 verunt.
566 3050 624 3102 at
651 3041 747 3101 illa
778 3039 992 3119 gaudio
1022 3039 1291 3101 exultans
1322 3039 1519 3101 ‘vides'
1551 3040 1742 3119 inquit
1774 3040 2028 3121 ‘Chrysis
2060 3060 2206 3114 mea,
2238 3042 2415 3115 videS,

163 3138 222 3189 30
268 3128 429 3207 quod
462 3127 589 3188 aliis
617 3126 883 3206 leporem
914 3122 1219 3185 excitavi?

1327 3231 1360 3267 *

168 3312 260 3363 Lo
486 3300 494 3372 Ι
536 3295 750 3357 nobilis
779 3296 1023 3357 aestivas
1051 3293 1323 3373 platanus
1352 3294 1662 3354 diffuderat
1691 3293 1932 3354 umbras

532 3390 591 3443 et
620 3380 781 3443 bacis
809 3380 1075 3442 redimita
1108 3379 1353 3460 Daphne
1383 3380 1786 3458 tremulaeque
1817 3396 2133 3457 cupressus

534 3475 593 3528 et
621 3461 842 3527 circum
873 3474 1079 3526 tonsae
1109 3464 1424 3545 trepidanti
1458 3466 1673 3525 vertice
1704 3464 1896 3543 pinus.

530 3552 637 3613 has
667 3552 826 3613 inter
849 3549 1088 3611 ludebat
1117 3549 1282 3628 aquis
1310 3548 1649 3611 errantibus
1677 3548 1867 3609 amnis

165 3648 226 3697 35
530 3655 812 3716 spumeus
842 3644 902 3697 et
930 3635 1180 3714 querulo
1210 3635 1453 3696 vexabat
1482 3653 1617 3695 rore
1648 3633 1893 3713 lapillos.

443 3746 447 3751 ·
534 3722 747 3801 dignus
776 3739 977 3783 amore
1006 3720 1198 3782 locus:
1230 3721 1397 3781 testis
1424 3718 1705 3781 silvestris
1731 3719 1918 3779 aedon

451 3944 480 3993 5
517 3943 599 4003 ea]
634 3941 733 3992 iam
771 3940 913 4005 libri,
949 3940 1141 3991 delevit
1174 3938 1467 3991 Sambucus
1510 3937 1529 4005 ΙΙ
1571 3940 1601 3990 6
1647 3938 1798 3990 etiam
1847 3953 1947 3989 om.
1984 3936 2365 4001 Scaliger-anus
2399 3936 2418 4002 ΙΙ
2452 3941 2455 3942 ’

283 4014 344 4063 13
379 4009 639 4061 lenissima
682 4007 1043 4060 Tornaesiana
1070 4007 1089 4075 ΙΙ
1118 4010 1180 4059 14
1201 4005 1430 4068 fortasse
1455 4006 1733 4073 placandae
1758 4005 1926 4058 Circes
1950 4004 1970 4072 ΙΙ
2002 4007 2062 4057 19
2099 4005 2371 4056 intervenit
2390 4004 2410 4071 ss

281 4080 347 4131 28
380 4077 678 4145 repulerunt
711 4078 934 4128 Iahnius
958 4076 977 4143 ΙΙ
1004 4080 1069 4130 30
1104 4090 1257 4142 quem
1292 4073 1534 4127 Nodotus
1556 4074 1576 4144 ΙΙ
1605 4077 1668 4129 35
1703 4075 1942 4126 versabat
1977 4075 2347 4124 Patissontana

395 4169 593 4212 Petronii
624 4167 786 4212 satirae
818 4168 887 4211 ed.
917 4168 978 4211 111
1981 4162 2008 4209 7

2465 1765 2585 1827 131
