2881 4580
499 263 531 320 1
543 262 574 319 1
583 262 624 319 4
1418 260 1722 315 PETRONII

1451 431 1630 494 XXVI
1647 437 1681 473 ‘⁸‘

710 520 793 581 sic
825 528 1028 581 contra
1059 538 1257 580 rerum
1289 528 1531 580 naturae
1559 536 1808 579 munera
1836 529 1974 580 nota

794 623 1004 666 corvus
1035 605 1279 666 maturis
1307 605 1576 683 frugibus
1607 622 1710 664 ova
1741 606 1942 665 refert.

706 690 789 752 sic
820 691 1033 752 format
1061 691 1260 770 lingua
1291 692 1474 751 fetum
1508 707 1640 749 cum
1672 689 1918 767 protulit
1947 708 2104 763 ursa,

794 784 853 836 et
882 775 1059 854 piscis
1091 775 1253 836 nullo
1284 775 1523 835 iunctus
1553 791 1753 835 amore
1785 774 1955 853 parit.

597 871 627 919 5
713 861 797 922 sic
828 860 1100 921 Phoebea
1131 860 1332 940 chelys
1360 858 1554 919 vinclo
1585 859 1838 920 resoluta
1871 858 2134 938 parentis

790 944 1051 1006 Lucinae
1084 944 1295 1024 tepidis
1325 944 1569 1005 naribus
1598 961 1702 1005 ova
1733 944 1906 1005 fovet.

708 1031 791 1091 sic
821 1030 950 1091 sine
982 1029 1305 1091 concubitu
1335 1030 1510 1091 textis
1539 1029 1665 1108 apis
1694 1029 1878 1090 excita
1911 1029 2061 1090 ceris

791 1117 976 1177 fervet
1007 1124 1064 1176 et
1092 1114 1293 1176 audaci
1324 1114 1506 1175 milite
1537 1123 1724 1175 castra
1755 1114 1961 1193 replet.

707 1219 829 1261 non
860 1218 984 1261 uno
1016 1208 1290 1261 contenta
1324 1200 1476 1261 valet
1507 1209 1714 1259 natura
1746 1208 1975 1272 tenore,

579 1295 633 1345 10
803 1285 904 1347 sed
937 1293 1295 1365 permutatas
1325 1285 1538 1363 gaudet
1567 1285 1786 1345 babere
1816 1285 1969 1345 vices

664 1387 763 1437 Ιιοι·
798 1399 1012 1436 carmen
1048 1390 1101 1436 et
1123 1401 1260 1450 quae
1292 1389 1549 1436 secuntur
1572 1383 1680 1435 duo
1706 1384 1956 1434 Petronio
1994 1385 2253 1435 adscribit
2276 1385 2646 1453 Fulgentius-{l

494 1457 525 1505 5
564 1453 699 1506 victo
726 1452 803 1522 116
838 1454 1076 1506 noctibus
1114 1455 1320 1505 conieci

1432 1568 1688 1632 XXVII*

704 1660 929 1740 primus
959 1661 1018 1719 in
1054 1659 1199 1720 orbe
1229 1660 1371 1719 deos
1400 1657 1539 1718 fecit
1567 1657 1763 1726 timor,
1796 1657 1971 1718 ardua
2007 1658 2169 1719 caelo

707 1744 949 1806 fulmina
981 1763 1115 1805 cum
1140 1744 1413 1804 caderent
1448 1743 1823 1821 discussaque
1852 1740 2087 1804 'moenia
2118 1744 2365 1805 flammis

702 1839 879 1908 atque
910 1830 1061 1889 ictus
1091 1829 1363 1907 flagraret
1392 1827 1596 1899 Athos,
1629 1846 1766 1888 mox
1797 1827 2073 1890 Phoebus
2103 1829 2172 1889 ad
2205 1839 2371 1890 ortus

703 1913 943 1974 lustrata
974 1913 1249 1974 devectus
1277 1914 1458 1974 humo
1491 1912 1782 1991 lunaeque
1813 1923 2088 1976 senectus

594 2009 624 2057 5
711 2008 769 2058 et
797 2008 1103 2078 reparatus
1132 1999 1344 2071 honos,
1373 1998 1514 2059 binc
1543 1997 1707 2076 signa
1740 1998 1921 2059 effusa
1954 2017 2062 2078 per
2093 1999 2294 2060 orbem

703 2095 762 2144 et
790 2092 1157 2162 permutatus
1187 2083 1495 2145 disiunctis
1523 2081 1829 2144 mensibus
1859 2101 2073 2146 annus.

702 2170 954 2248 profecit
982 2169 1184 2230 vitium
1216 2169 1450 2247 iamque
1481 2186 1648 2229 error
1678 2168 1844 2229 iussit
1874 2168 2067 2230 inanis

703 2254 988 2335 agricolas
1018 2254 1240 2335 primos
1271 2253 1470 2316 Cereri
1502 2255 1639 2315 dare
1670 2254 1874 2316 messis
1901 2253 2177 2328 honoreS‚

701 2340 1040 2420 palmitibus
1069 2340 1261 2419 plenis
1291 2339 1586 2400 Bacchum
1619 2338 1856 2412 vincire,
1897 2339 2211 2419 Palemque

559 2435 616 2486 10
701 2435 1004 2506 pastorum
1036 2426 1291 2505 gaudere
1320 2443 1519 2485 manu.
1580 2432 1741 2485 natat
1770 2424 2018 2486 obrutus
2047 2426 2239 2486 omnis

701 2511 1012 2590 Neptunus
1041 2512 1343 2572 demersus
1374 2529 1541 2589 aqua,
1575 2509 1880 2588 Pallasque
1912 2510 2184 2571 tabernas

701 2596 972 2656 vindicat.
1031 2605 1089 2656 et
1118 2596 1235 2656 voti
1266 2614 1404 2656 reus
1434 2604 1494 2655 et
1524 2595 1621 2673 qui
1653 2594 1912 2656 vendidit
1941 2596 2165 2666 orbem,

700 2681 812 2741 iam
844 2680 952 2742 sibi
987 2680 1234 2759 quisque
1266 2680 1405 2742 deos
1434 2680 1602 2741 avido
1633 2680 1954 2740 certamine
1987 2681 2156 2760 tingit

661 2783 683 2831 1
762 2779 1165 2830 rimus—timor
1200 2781 1357 2830 habet
1392 2779 1595 2830 Statius
1629 2778 1781 2829 Theb.
1806 2779 2010 2831 111661
2036 2779 2054 2846 ΙΙ
2081 2782 2114 2831 4
2149 2778 2377 2832 deiectus
2400 2779 2420 2846 ΙΙ
2451 2783 2481 2834 6
2517 2797 2623 2848 per-

487 2847 694 2897 mutatis
717 2795 793 2914 ΙΓἻ
832 2847 1046 2913 proiecit
1076 2848 1085 2913 Ι
1116 2850 1270 2913 atque
1296 2847 1315 2914 ΙΙ
1345 2851 1406 2900 10
1457 2853 1599 2898 nutat
1646 2846 1858 2898 obrutus
1892 2849 1986 2898 sed
2017 2864 2114 2897 sec.
2157 2863 2320 2898 manu
2361 2848 2620 2916 obruptus,

485 2917 644 2965 verba
678 2915 915 2965 nondum
952 2917 1245 2979 emendata,
1278 2919 1539 2966 sententia
1573 2914 1802 2976 fortasse
1838 2916 2002 2966 haee:
2033 2932 2134 2981 per
2160 2920 2355 2981 portus
2388 2916 2624 2983 Neptuni

484 2982 677 3047 religio
713 2986 994 3048 spargitur
1028 3001 1096 3035 σω
1129 2981 1446 3048 naufragiis

1415 3086 1698 3147 XXVIII*

697 3190 833 3234 nam
865 3172 1034 3233 citius
1064 3172 1323 3233 flammas
1353 3172 1628 3234 mortales
1659 3190 1762 3231 ore
1791 3171 2083 3233 tenebunt

698 3276 869 3336 quam
901 3266 1124 3318 secreta
1157 3267 1376 3335 tegant.
1438 3257 1716 3338 quicquid
1750 3257 1989 3319 dimittis
2020 3258 2077 3317 in
2112 3259 2260 3331 aula,

696 3344 882 3404 effluit
912 3353 970 3404 et
1000 3342 1209 3404 subitis
1239 3343 1577 3405 rumoribus
1609 3342 1820 3421 oppida
1852 3343 2063 3421 pulsat.

697 3448 808 3490 nec
838 3429 976 3490 satis
1006 3437 1093 3489 est
1121 3427 1387 3506 vulgasse
1417 3430 1623 3490 fidem:
1656 3427 2008 3489 cumulatius
2038 3428 2155 3488 exit

578 3525 607 3572 5
692 3513 1044 3594 proditionis
1074 3531 1223 3592 opus
1253 3515 1586 3592 famamque
1619 3530 1866 3573 onerare
1898 3512 2142 3573 laborat.

694 3599 777 3659 sic
808 3599 1119 3660 commissa
1149 3617 1358 3659 verens
1386 3599 1588 3659 avidus
1618 3616 1881 3659 reserare
1912 3598 2180 3659 minister

695 3684 840 3743 fodit
868 3685 1112 3745 humum
1143 3685 1414 3763 regisque
1446 3684 1693 3745 latentes
1722 3683 1980 3761 prodidit
2023 3701 2226 3758 aures3

697 3770 969 3847 concepit
1002 3787 1136 3829 nam
1168 3777 1322 3830 terra
1353 3789 1536 3831 sonos
1565 3768 1888 3846 calamique
1920 3768 2229 3847 loquentes

694 3852 974 3914 invenere
1003 3854 1232 3929 Midam,
1265 3856 1496 3933 qualem
1529 3862 1863 3916 narraverat
1893 3853 2070 3915 index

654 3955 683 4004 2
720 3952 947 4004 demittis
980 3953 1032 4004 in
1069 3967 1239 4005 aurem
1267 3954 1575 4022 Franciusfl
1604 3957 1634 4006 6
1684 3953 1849 4005 ferens
1882 3955 2050 4004 codeoe
2075 3952 2371 4005 Vossianus
2396 3952 2417 4020 ΙΙ
2442 3956 2472 4006 9
2498 3967 2613 4005 con·

485 4027 688 4084 ceperat
726 4021 1055 4084 Fulgentius.
1127 4022 1252 4072 inde
1287 4026 1621 4089 conspexerat
1654 4021 1977 4073 Munekerus
