2881 4580
1230 239 1511 294 SATIRAE
2366 243 2444 301 81

227 424 394 497 Lego
438 414 748 477 vinculum
780 424 1139 489 extremum,
1186 425 1245 475 et
1274 415 1453 476 veluti
1482 414 1635 476 lecto
1667 415 1905 477 funebri
1937 422 2168 496 aptatus
2198 425 2447 496 expecto

280 509 540 563 mortem
587 502 703 561 iam
749 518 873 561 non
911 499 1235 561 molestam.
1298 501 1530 580 peragit
1558 500 1795 562 interim
1826 508 2144 580 tempestas
2173 502 2446 563 mandata

279 589 544 649 fatorum
589 603 918 665 omnesque
948 584 1227 663 reliquias
1258 586 1421 646 navis
1452 594 1771 665 expugnat.
1833 605 1955 647 non
1987 585 2168 648 arbor
2195 595 2320 648 erat
2347 605 2445 648 re·

280 672 454 747 licta,
489 690 613 732 non
645 669 1075 750 gubernacula,
1107 689 1232 730 non
1262 670 1424 732 funis
1454 679 1556 731 aut
1583 688 1801 745 remus,
1831 671 1932 732 sed
1966 673 2132 750 quasi
2163 672 2326 733 rudis
2353 680 2444 733 at-

202 762 235 810 5
280 776 397 836 que
428 758 653 818 infecta
682 755 957 817 materies
985 754 1108 816 ibat
1137 774 1272 817 cum
1306 755 1588 816 fluctibus

1354 861 1388 898 *

453 942 816 1006 procurrere
858 925 1184 1004 piscatores
1212 925 1473 1004 parvulis
1505 925 1759 1004 expediti
1791 925 2034 1004 navigiis
2063 925 2135 986 ad
2164 925 2440 1005 praedam

280 1011 650 1090 rapiendam.
710 1008 924 1070 deinde
968 1017 1037 1070 ut
1072 1009 1302 1087 aliquos
1330 1010 1638 1084 viderunt,
1684 1011 1785 1090 qui
1816 1029 1952 1073 suas
1983 1029 2128 1090 opes
2158 1010 2442 1072 defende-

279 1105 453 1184 rent,
485 1102 866 1157 mutaverunt
894 1094 1299 1155 crudelitatem
1332 1096 1393 1156 in
1426 1094 1703 1155 auxilium

1348 1200 1382 1239 ιιι

458 1264 730 1326 audimus
759 1282 1032 1325 murmur
1061 1263 1363 1325 insolitum
1398 1274 1459 1325 et
1486 1262 1598 1326 sub
1629 1265 1820 1325 diaeta
1848 1264 2112 1341 magistri
2143 1264 2310 1341 quasi
2341 1282 2445 1325 cu·
2492 1267 2615 1329 115

174 1353 235 1403 10
276 1350 501 1430 pientis
532 1350 689 1410 exire
719 1349 929 1410 beluae
958 1349 1264 1427 gemitum.
1317 1349 1615 1429 persecuti
1645 1349 1830 1428 igitur
1860 1365 2077 1408 sonum
2107 1348 2444 1410 invenimus

279 1435 645 1514 Eumolpum
687 1434 990 1496 sedentem
1023 1432 1526 1513 membranaeque
1555 1433 1786 1513 ingenti
1816 1449 2020 1493 versus
2047 1433 2441 1510 ingerentem.

280 1520 479 1581 mirati
524 1538 701 1598 ergo,
749 1519 909 1598 quod
953 1519 1035 1579 illi
1080 1528 1311 1580 vacaret
1355 1521 1417 1581 in
1463 1518 1674 1580 vicinia
1720 1517 1929 1579 mortis
1971 1534 2181 1596 poema
2226 1517 2441 1592 facere,

279 1604 647 1666 extrahimus
690 1604 1042 1666 clamantem
1085 1604 1478 1684 iubemusque
1523 1603 1742 1664 bonam
1785 1600 2003 1663 habere
2044 1609 2321 1663 mentem.
2384 1611 2443 1662 at

284 1689 384 1750 ille
443 1689 855 1769 interpellatus
912 1688 1232 1750 excanduit
1287 1699 1347 1750 et
1391 1688 1599 1751 ‘sinite
1644 1688 1768 1749 me'
1811 1687 2008 1766 inquit
2052 1687 2438 1748 ‘sententiam

169 1786 232 1836 15
275 1775 556 1855 explere3
616 1773 847 1835 laborat
898 1792 1137 1835 carmen
1198 1774 1258 1834 in
1305 1774 1464 1835 fine’.
1552 1773 1731 1835 inicio
1778 1790 1888 1853 ego
1935 1771 2267 1852 phrenitico
2314 1790 2438 1833 ma-

280 1878 427 1921 num
486 1858 782 1938 iubeoque
828 1859 1041 1921 Gitona
1099 1859 1380 1920 accedere
1438 1868 1499 1920 et
1542 1858 1603 1919 in
1656 1867 1875 1920 terram
1922 1857 2155 1918 trahere
2199 1865 2436 1936 poetam

273 1945 643 2025 mugientem
1346 2025 1377 2059 *

452 2115 566 2175 boc
624 2131 806 2193 opere
862 2112 1099 2173 tandem
1158 2112 1456 2173 elaborato
1510 2129 1705 2172 casam
1749 2110 2122 2189 piscatoriam
2167 2107 2436 2171 subimus

276 2207 636 2271 maerentes,
669 2197 935 2277 cibisque
966 2197 1272 2275 naufragio
1304 2197 1603 2276 corruptis
1633 2205 1938 2272 utcunque
1959 2194 2145 2255 curati
2169 2193 2437 2255 tristissi-

165 2296 228 2347 20
275 2303 435 2345 mam
463 2284 767 2364 exegimus
799 2293 1054 2345 noctem.
1115 2293 1356 2362 postero
1389 2281 1503 2354 die,
1537 2299 1673 2342 cum
1705 2296 2070 2359 poneremus
2101 2277 2434 2352 consilium,

275 2370 375 2431 cui
436 2388 547 2431 nos
599 2369 831 2448 regioni
874 2369 1283 2441 crederemus,
1340 2374 1591 2445 repente
1633 2365 1800 2425 video
1846 2382 2068 2442 corpus
2109 2364 2435 2425 humanum

273 2456 704 2517 circumactum
762 2453 873 2515 levi
915 2454 1133 2514 vertice
1176 2453 1245 2513 ad
1291 2450 1430 2512 litus
1476 2450 1710 2511 deferri.
1786 2448 2022 2510 substiti
2066 2466 2208 2528 ergo
2254 2448 2437 2509 tristis

275 2540 569 2619 coepique
612 2537 956 2601 umentibus
1003 2537 1189 2600 oculis
1231 2537 1413 2598 maris
1457 2535 1632 2596 fidem
1677 2534 1973 2613 inspicere
2012 2542 2072 2594 et
2101 2534 2282 2593 ‘hunc
2313 2533 2435 2594 for-

282 2624 459 2686 sitan'
489 2624 793 2704 proclamo
826 2623 905 2683 ‘in
953 2623 1144 2702 aliqua
1189 2631 1356 2703 parte
1400 2629 1696 2682 terrarum
1726 2637 1933 2682 secura
1965 2625 2233 2697 expectat
2261 2635 2433 2691 uxor,

168 2722 230 2772 25
277 2710 529 2771 forsitan
577 2711 821 2790 ignarus
863 2708 1232 2787 tempestatis
1263 2706 1416 2768 filius
1447 2714 1549 2766 aut
1580 2714 1748 2784 pater
1760 2722 1777 2780 ;
1826 2705 2030 2782 utique
2061 2702 2301 2781 reliquit
2328 2702 2434 2762 ali-

278 2813 477 2873 quem,
510 2796 605 2855 cui
635 2794 1025 2874 proficiscens
1058 2793 1324 2854 osculum
1355 2792 1535 2852 dedit.
1595 2792 1740 2852 haec
1769 2799 1911 2852 sunt
1939 2789 2183 2850 consilia
2213 2797 2434 2848 morta-

274 2880 453 2954 lium,
498 2879 644 2942 haec
688 2889 822 2940 vota
853 2896 1198 2958 magnarum
1231 2878 1675 2957 cogitationum.
1736 2894 1812 2936 en
1844 2875 2020 2935 bomo
2054 2873 2436 2952 quemadmo-

277 2965 422 3026 dum
467 2966 665 3027 natat'.
725 2964 916 3026 adhuc
947 2972 1232 3042 tanquam
1261 2963 1532 3042 ignotum
1565 2959 1880 3035 deflebam,
1926 2978 2059 3020 cum
2092 2958 2433 3020 inviolatum

287 3069 373 3112 os.
397 3051 613 3112 fluctus
656 3048 947 3111 convertit
991 3048 1051 3109 in
1081 3057 1330 3121 terram,
1376 3046 1707 3125 agnovique
1738 3043 2063 3106 terribilem
2090 3043 2268 3124 paulo
2299 3052 2435 3104 ante

166 3146 231 3196 30
278 3143 338 3195 et
382 3134 811 3215 implacabilem
858 3133 1097 3195 Licham
1155 3132 1404 3212 pedibus
1461 3131 1608 3192 meis
1651 3149 1841 3209 paene
1884 3128 2236 3190 subiectum.
2308 3146 2430 3187 non

279 3220 449 3281 tenui
493 3220 671 3300 igitur
716 3219 937 3281 diutius
979 3218 1281 3291 lacrimas,
1340 3218 1521 3278 immo
1567 3215 1834 3295 percussi
1878 3213 2061 3275 semel
2104 3214 2433 3289 iterumque

278 3305 555 3367 manibus
582 3314 793 3385 pectus
821 3312 881 3365 et
910 3304 1032 3363 ‘ubi
1065 3321 1227 3364 nunc
1256 3302 1362 3363 est'
1393 3302 1636 3380 inquam
1670 3298 1994 3361 ‘iracundia
2025 3306 2157 3370 tua,
2190 3294 2291 3356 ubi
2321 3295 2432 3355 im-

278 3390 546 3469 potentia
599 3387 744 3451 tua?
804 3406 1019 3467 nempe
1069 3388 1333 3466 piscibus
1375 3386 1684 3465 beluisque
1729 3382 2030 3464 expositus
2075 3399 2167 3453 οε,
2226 3391 2286 3440 et
2331 3380 2431 3457 qui

281 3475 460 3553 paulo
505 3483 642 3535 ante
672 3474 927 3536 iactabas
956 3474 1110 3533 vires
1141 3472 1370 3551 imperii
1401 3472 1521 3544 tui,
1567 3470 1640 3531 de
1672 3480 1785 3531 tam
1817 3484 2027 3546 magna
2059 3483 2206 3525 nave
2239 3482 2313 3524 ne
2342 3474 2431 3524 ta-

169 3570 232 3619 35
280 3557 477 3620 bulam
523 3560 762 3639 quidem
808 3560 1132 3637 naufragus
1168 3557 1368 3619 babes.
1430 3558 1508 3617 ite
1554 3574 1719 3616 nunc
1747 3551 2056 3623 mortaleS,
2103 3558 2162 3610 et
2205 3549 2434 3629 magnis

286 3644 744 3724 cogitationibus
773 3652 1014 3724 pectora
1045 3643 1304 3722 implete.
1365 3643 1445 3702 ite
1475 3640 1661 3714 cauti,
1694 3648 1755 3700 et
1782 3657 1925 3718 opes
1956 3633 2261 3697 fraudibus
2292 3653 2432 3714 cap-

285 3738 373 3791 tas
416 3749 526 3809 per
569 3730 727 3791 mille
773 3746 965 3791 annos
1008 3728 1322 3808 disponite.
1386 3744 1602 3804 nempe
1646 3725 1742 3785 hic
1787 3722 2055 3802 proxima
2084 3721 2218 3781 luce
2248 3720 2433 3800 patri-

451 3935 481 3985 8
519 3930 853 3997 cupiditatem
889 3932 1160 3982 Iacobsius
1184 3929 1203 3996 ΙΙ
1233 3931 1296 3981 16
1332 3931 1531 3995 portam
1567 3925 1652 3976 vel
1684 3939 1891 3991 porcam
1924 3924 1944 3990 ss
1973 3926 2038 3977 20
2071 3924 2305 3986 fortasse
2340 3922 2435 3973 ini·

287 4015 454 4053 remus
480 4000 501 4068 11
528 4002 592 4052 23
630 3999 925 4051 viventibus
951 3998 970 4065 ΙΙ
997 4001 1061 4052 25
1095 4005 1291 4066 patrem
1327 4011 1431 4061 quo
1466 3999 1677 4045 servato
1712 3997 1800 4045 aut
1835 3993 1972 4044 delet
2006 3992 2331 4057 Segebadim

382 4082 585 4127 Petronii
612 4081 778 4125 satirae
820 4082 889 4126 ed.
920 4080 982 4123 111
1991 4080 2021 4129 6
