2881 4580
450 284 488 343 8
1366 284 1671 337 PETRONII

453 457 689 519 tationis
732 456 1046 518 accessisse
1077 456 1263 517 video.
1325 457 1566 536 grandis
1609 466 1669 518 et
1710 465 1777 517 ut
1819 456 1897 517 ita
1927 456 2113 517 dicam
2146 454 2359 535 pudica
2406 455 2592 517 oratio
2607 465 2710 516 Lo

452 563 574 604 non
608 551 697 603 est
725 541 1017 603 maculosa
1051 559 1160 602 nec
1191 542 1443 621 turgida,
1489 543 1587 604 sed
1636 542 1883 603 naturali
1915 540 2354 620 pulchritudine
2386 560 2590 602 exsur-

449 628 551 706 git.
614 645 808 706 nuper
834 635 1078 687 ventosa
1124 626 1304 688 istaec
1337 638 1395 689 et
1426 627 1686 688 enormis
1716 627 2039 706 loquacitas
2070 627 2330 687 Athenas
2360 645 2431 687 ex
2455 627 2591 688 Asia

448 712 853 791 commigravit
911 711 1258 791 animosque
1317 713 1593 773 iuvenum
1654 712 1722 772 ad
1783 730 1995 791 magna
2054 720 2365 790 surgentes
2417 712 2595 772 veluti

447 797 747 876 pestilenti
778 796 1029 875 quodam
1061 796 1252 858 sidere
1282 798 1524 870 afflavit,
1571 798 1870 876 semelque
1915 806 2194 877 corrupta
2237 797 2437 874 regula
2471 797 2594 858 elo·
2640 812 2670 862 5

448 882 878 962 quentiastetit
906 889 965 942 et
995 881 1308 943 obmutuit.
1367 883 1438 944 ad
1469 901 1753 944 summam
1772 928 1786 956 ,
1821 882 1954 961 quis
1982 891 2182 961 postea
2215 881 2591 962 Thucydidis,

449 967 580 1047 quis
611 967 920 1046 Hyperidis
950 966 1020 1026 ad
1053 968 1263 1028 famam
1296 965 1630 1048 processit?
1690 986 1758 1028 ac
1806 986 1881 1028 ne
1927 985 2162 1028 carmen
2198 967 2432 1045 quidem
2465 968 2592 1028 sani

448 1051 663 1113 coloris
695 1051 922 1125 enituit,
954 1052 1056 1112 sed
1089 1054 1283 1113 omnia
1317 1053 1483 1132 quasi
1515 1054 1719 1114 eodem
1752 1053 1884 1113 cibo
1917 1059 2081 1131 pasta
2113 1071 2233 1112 non
2270 1061 2594 1131 potuerunt

447 1155 635 1216 usque
667 1137 735 1197 ad
767 1145 1132 1198 senectutem
1163 1156 1495 1199 canescere.
1555 1138 1785 1217 pictura
1817 1156 2054 1217 quoque
2097 1156 2216 1198 non
2262 1137 2441 1197 alium
2471 1137 2593 1198 exi-

446 1231 571 1283 tum
603 1222 759 1294 fecit,
790 1231 1103 1302 postquam
1126 1223 1551 1304 Aegyptiorum
1582 1222 1818 1284 audacia
1852 1231 1969 1284 tam
1992 1240 2237 1301 magnae
2267 1223 2409 1284 artis
2431 1241 2594 1283 com·
2643 1233 2712 1285 10

450 1306 812 1388 pendiariam
843 1307 1107 1367 invenit.'

351 1386 403 1457 Β
620 1411 740 1453 non
774 1401 864 1453 est
883 1394 1089 1471 pas‘sus
1110 1393 1515 1471 Agamemnon
1543 1410 1638 1452 me
1660 1391 1879 1453 diutius
1901 1392 2227 1453 declamare
2250 1393 2311 1452 in
2337 1393 2590 1471 porticu,

447 1495 624 1556 quam
655 1477 780 1556 ipse
810 1477 868 1538 in
905 1478 1102 1538 schola
1134 1477 1473 1549 sudaverat,
1520 1478 1618 1538 sed
1654 1477 2037 1538 ‘adulescens'
2068 1477 2260 1556 iuquit
2294 1479 2593 1556 ‘quoniam

445 1580 780 1624 sermonem
813 1561 992 1623 habes
1037 1582 1157 1622 non
1203 1562 1423 1642 publici
1470 1562 1697 1641 saporis
1741 1572 1827 1634 et,
1875 1563 2032 1642 quod
2077 1563 2438 1624 rarissimum
2484 1572 2592 1636 est,

445 1666 605 1708 amas
635 1646 853 1708 honam
886 1655 1168 1721 mentem,
1203 1667 1324 1708 non
1372 1647 1655 1707 fraudabo
1703 1657 1760 1708 te
1791 1657 1916 1708 arte
1943 1657 2188 1709 secreta.
2234 1647 2385 1708 nihil
2414 1648 2589 1708 nimi·
2642 1657 2707 1708 15

448 1750 582 1793 rum
614 1732 674 1793 in
706 1731 796 1792 his
825 1732 1342 1794 exercitationibus
1365 1732 1637 1793 doctores
1659 1741 1926 1812 peccant,
1960 1733 2059 1811 qui
2093 1751 2333 1794 necesse
2363 1733 2590 1794 habent

446 1835 582 1878 cum
612 1816 1043 1879 insanientibus
1084 1818 1301 1878 furere.
1364 1835 1501 1877 nam
1549 1817 1659 1879 nisi
1702 1817 1958 1879 dixerint
1988 1836 2137 1896 quae
2167 1818 2590 1879 adulescentuli

446 1901 724 1982 probent,
758 1911 821 1961 ut
843 1902 921 1962 ait
946 1901 1171 1975 Cicero,
1205 1901 1356 1964 “soli
1387 1901 1448 1962 in
1481 1902 1698 1964 scholis
1724 1902 2194 1980 relinquentur''.
2240 1903 2394 1964 sicut
2421 1898 2588 1988 [ficti]

443 1986 776 2048 adulatores
819 2004 951 2047 cum
1000 2006 1177 2050 cenas
1220 1987 1460 2048 divitum
1508 1996 1772 2066 captant,
1835 1988 1977 2048 nihil
2023 1989 2189 2066 prius
2232 1989 2593 2050 meditantur

446 2089 621 2151 quam
667 2072 722 2131 id
771 2073 925 2150 quod
974 2081 1187 2151 putant
1230 2072 1627 2150 gratissimum
1674 2072 2038 2134 auditoribus
2069 2075 2230 2134 fore:
2279 2092 2390 2134 nec
2431 2075 2589 2135 enim
2639 2083 2714 2135 20

446 2156 614 2217 aliter
644 2155 1045 2235 impetrabunt
1089 2158 1245 2236 quod
1291 2166 1536 2236 petunt,
1585 2157 1695 2219 nisi
1742 2158 2019 2236 quasdam
2067 2158 2306 2220 insidias
2350 2158 2591 2220 auribus

445 2240 728 2303 fecerint:
759 2241 844 2304 sic
868 2243 1241 2322 eloquentiae
1268 2242 1566 2323 magister,
1602 2243 1712 2305 nisi
1744 2254 2023 2322 tanquam
2049 2243 2306 2323 piscator
2329 2263 2455 2306 eam
2479 2245 2589 2306 im-

445 2328 712 2407 posuerit
739 2328 929 2390 hamis
960 2347 1181 2402 escam,
1229 2347 1404 2406 quam
1450 2328 1651 2390 scierit
1693 2330 2057 2408 appetituros
2099 2348 2225 2390 esse
2256 2329 2588 2407 pisciculos,

361 2416 404 2475 4
449 2412 578 2474 sine
621 2432 726 2491 spe
771 2414 1019 2493 praedae
1061 2413 1390 2475 morabitur
1433 2414 1494 2474 in
1528 2414 1791 2493 scopulo,
1853 2415 1991 2492 quid
2024 2432 2166 2493 ergo
2200 2413 2331 2476 est?
2374 2434 2589 2495 paren-

447 2506 536 2558 tes
566 2497 971 2577 obiurgatione
1003 2499 1166 2578 digni
1196 2507 1366 2572 sunt,
1414 2499 1514 2577 qui
1563 2499 1777 2559 nolunt
1816 2500 2035 2560 liberos
2066 2519 2205 2561 suos
2234 2519 2433 2561 severa
2465 2500 2594 2580 lege
2641 2512 2709 2562 25

444 2583 754 2661 proficere.
816 2583 1071 2661 primum
1104 2584 1261 2644 enim
1291 2583 1376 2645 sic
1407 2592 1474 2645 ut
1503 2584 1733 2657 omnia,
1778 2604 1913 2663 spes
1958 2603 2197 2664 quoque
2242 2604 2377 2646 suas
2406 2586 2593 2647 ambi-

443 2667 593 2728 tioni
622 2667 866 2727 donant.
925 2667 1138 2732 deinde
1169 2687 1302 2729 cum
1335 2668 1405 2729 ad
1438 2677 1567 2728 vota
1598 2678 1939 2748 properant,
1970 2671 2149 2730 cruda
2182 2670 2373 2731 adhuc
2403 2672 2591 2732 studia
2670 2672 2676 2677 ’

444 2752 505 2812 in
552 2753 750 2813 forum
796 2752 1028 2830 pellunt
1071 2763 1129 2814 et
1174 2753 1601 2831 eloquentiam,
1648 2773 1760 2833 qua
1808 2754 1953 2815 nihil
1997 2773 2125 2816 esse
2173 2755 2358 2815 maius
2403 2758 2593 2817 confi-

443 2846 678 2910 tentur,
724 2838 924 2916 pueris
967 2837 1226 2898 induunt
1267 2838 1459 2898 adhuc
1506 2839 1899 2901 nascentibus.
1975 2840 2132 2919 quod
2164 2840 2212 2901 si
2245 2850 2593 2920 paterentur

444 2920 711 2982 laborum
744 2921 957 3000 gradus
998 2924 1157 2995 fieri,
1203 2934 1270 2983 ut
1312 2923 1558 2984 studiosi
1602 2923 1842 2985 iuvenes
1872 2925 2126 2986 lectione
2157 2944 2355 2987 severa
2386 2926 2593 3005 irriga·
2638 2935 2706 2987 30

442 3014 683 3080 rentur,
730 3015 796 3066 ut
823 3007 1145 3084 sapientiae
1177 3008 1511 3088 praeceptis
1540 3009 1767 3070 animos
1814 3020 2273 3089 componerent,
2322 3020 2387 3071 ut
2415 3012 2591 3073 verba

443 3091 627 3151 atroci
658 3092 788 3153 stilo
823 3092 1184 3167 effoderent,
1238 3102 1305 3155 ut
1334 3094 1490 3171 quod
1521 3094 1738 3154 vellent
1779 3094 1990 3155 imitari
2036 3096 2134 3155 diu
2178 3096 2481 3166 audirent,
2524 3108 2592 3159 ut

436 3178 844 3255 persuaderent
868 3177 978 3239 sibi
1004 3178 1150 3239 nibil
1175 3197 1302 3239 esse
1325 3178 1722 3257 magnificum,
1756 3180 1910 3256 quod
1936 3181 2136 3259 pueris
2158 3181 2449 3259 placeret:
2475 3182 2587 3242 iam

443 3261 540 3321 illa
572 3262 811 3340 grandis
857 3263 1044 3323 oratio
1089 3263 1335 3324 haberet
1366 3263 1683 3325 maiestatis
1713 3283 1853 3325 suae
1895 3267 2150 3344 pondus.
2212 3284 2374 3326 nunc
2417 3269 2587 3346 pueri

443 3346 504 3406 in
537 3347 753 3408 scholis
784 3347 1015 3420 ludunt,
1047 3348 1288 3409 iuvenes
1317 3349 1590 3410 ridentur
1620 3349 1677 3409 in
1714 3350 1863 3422 foro,
1898 3359 1955 3409 et
1985 3351 2144 3429 quod
2174 3361 2429 3429 utroque
2459 3360 2587 3414 tur·
2638 3361 2705 3411 35

443 3430 578 3510 pius
607 3440 723 3504 est,
772 3431 930 3511 quod
977 3432 1226 3512 quisque
1256 3452 1567 3513 perperam
1599 3434 1827 3508 didicit,
1874 3434 1934 3495 in
1981 3446 2286 3497 senectute
2318 3438 2587 3499 confiteri

445 3535 567 3576 non
600 3516 738 3577 vult.
798 3518 895 3578 sed
932 3536 1006 3577 ne
1053 3537 1146 3579 me
1177 3527 1350 3597 putes
1379 3517 1743 3598 improbasse
1773 3520 2077 3581 schedium
2109 3520 2445 3583 Lucilianae
2477 3524 2587 3585 hu-

443 3601 723 3675 militatis,
757 3602 912 3681 quod
946 3604 1157 3676 sentio,
1189 3611 1248 3663 et
1277 3602 1402 3683 ipse
1433 3604 1695 3665 carmine
1727 3605 2032 3685 effingam:

617 3771 642 3823 1
682 3768 849 3833 video]
887 3774 938 3820 et
972 3768 1088 3821 ideo
1115 3769 1134 3836 ss
1161 3772 1189 3820 3
1226 3771 1385 3823 istaec
1422 3773 1644 3821 omisere
1673 3771 1713 3822 0
1738 3770 1757 3837 ΙΙ
1784 3774 1813 3823 5
1839 3771 2163 3839 eloquentiae
2200 3773 2373 3837 regula
2397 3773 2416 3840 ΙΙ
2446 3777 2475 3827 6
2502 3777 2588 3842 qui

442 3841 621 3901 postea
659 3836 722 3887 ad
759 3852 1004 3889 summam
1042 3837 1317 3889 tbucididis
1344 3841 1363 3903 u
1392 3841 1452 3892 15
1507 3839 1769 3889 minimum
1809 3856 1913 3905 pro
1962 3841 2192 3892 nimirum
2248 3840 2537 3893 Gulielmur
2569 3845 2593 3912 [ι

445 3907 506 3956 17
545 3920 660 3956 nam
697 3905 812 3968 nisi]
840 3909 1095 3970 quattuor
1116 3922 1252 3971 quae
1274 3912 1532 3958 secuntur
1548 3907 1805 3972 periodos
1826 3911 1885 3958 in
1909 3910 2051 3959 laune
2077 3910 2317 3960 ordinem
2341 3912 2587 3962 redactas

441 3989 550 4023 esse
585 3975 649 4023 ab
676 3975 1026 4038 epitomatore
1051 3974 1310 4025 librorum
1335 3976 1595 4039 quaedam
1618 3978 1847 4040 υεείἰὲἰα
1870 3978 2102 4041 probant
2126 3976 2144 4043 ss
2173 3980 2237 4030 26
2263 3978 2542 4031 ambitione
2563 3980 2586 4046 u

440 4042 508 4094 28
543 4040 813 4109 impellunt
847 4040 954 4108 LO,
991 4042 1286 4110 propellunt
1328 4042 1694 4095 Tornaesiana
1722 4043 1741 4110 ΙΙ
1768 4046 1831 4097 29
1872 4044 2188 4097 discentibus
2225 4046 2448 4097 Iahnius
