<?xml version="1.0" encoding="UTF-8"?>
<!DOCTYPE html PUBLIC "-//W3C//DTD XHTML 1.0 Transitional//EN"
    "http://www.w3.org/TR/xhtml1/DTD/xhtml1-transitional.dtd">
<html xmlns="http://www.w3.org/1999/xhtml" xml:lang="en" lang="en">
 <head>
  <title>
</title>
<meta http-equiv="Content-Type" content="text/html;charset=utf-8" />
  <meta name='ocr-system' content='tesseract 3.04.00' />
  <meta name='ocr-capabilities' content='ocr_page ocr_carea ocr_par ocr_line ocrx_word'/>
</head>
<body>
  <div class='ocr_page' id='page_1' title='image "./priapea00senegoog/priapea00senegoog_0107.png"; bbox 0 0 2881 4580; ppageno 0'>
   <div class='ocr_carea' id='block_1_1' title="bbox 1202 298 2418 357">
    <p class='ocr_par' dir='ltr' id='par_1_1' title="bbox 1202 298 2418 357">
     <span class='ocr_line' id='line_1_1' title="bbox 1202 298 2418 357; baseline 0.005 -6"><span class='ocrx_word' id='word_1_1' title='bbox 1202 298 1481 351; x_wconf 79' lang='lat' dir='ltr'><strong>SATIRAE</strong></span> <span class='ocrx_word' id='word_1_2' title='bbox 2301 299 2332 356; x_wconf 94' lang='grc'>1</span> <span class='ocrx_word' id='word_1_3' title='bbox 2342 300 2378 357; x_wconf 91' lang='grc' dir='ltr'><strong>Ο</strong></span> <span class='ocrx_word' id='word_1_4' title='bbox 2387 299 2418 356; x_wconf 93' lang='grc'>1</span> 
     </span>
    </p>
   </div>
   <div class='ocr_carea' id='block_1_2' title="bbox 158 471 2424 978">
    <p class='ocr_par' dir='ltr' id='par_1_2' title="bbox 158 471 2422 807">
     <span class='ocr_line' id='line_1_2' title="bbox 158 471 2422 552; baseline 0 -21"><span class='ocrx_word' id='word_1_5' title='bbox 158 480 237 531; x_wconf 85' lang='lat' dir='ltr'><strong>LO</strong></span> <span class='ocrx_word' id='word_1_6' title='bbox 269 473 636 552; x_wconf 88' lang='lat' dir='ltr'><strong>carpionem‚</strong></span> <span class='ocrx_word' id='word_1_7' title='bbox 682 471 1057 550; x_wconf 81' lang='lat' dir='ltr'>lacrimisque</span> <span class='ocrx_word' id='word_1_8' title='bbox 1103 471 1360 532; x_wconf 87' lang='lat' dir='ltr'><strong>ubertim</strong></span> <span class='ocrx_word' id='word_1_9' title='bbox 1396 473 1774 533; x_wconf 82' lang='lat' dir='ltr'>manantibus</span> <span class='ocrx_word' id='word_1_10' title='bbox 1807 472 2188 534; x_wconf 90' lang='lat' dir='ltr'><strong>obscuratum</strong></span> <span class='ocrx_word' id='word_1_11' title='bbox 2219 473 2422 533; x_wconf 88' lang='lat' dir='ltr'><strong>dextra</strong></span> 
     </span>
     <span class='ocr_line' id='line_1_3' title="bbox 268 556 2422 639; baseline -0 -20"><span class='ocrx_word' id='word_1_12' title='bbox 268 566 446 639; x_wconf 89' lang='lat' dir='ltr'><strong>caput</strong></span> <span class='ocrx_word' id='word_1_13' title='bbox 490 576 672 637; x_wconf 90' lang='lat' dir='ltr'><strong>super</strong></span> <span class='ocrx_word' id='word_1_14' title='bbox 712 556 1018 635; x_wconf 86' lang='lat' dir='ltr'><strong>pulvinum</strong></span> <span class='ocrx_word' id='word_1_15' title='bbox 1064 556 1356 618; x_wconf 83' lang='lat' dir='ltr'><strong>inclinavi.</strong></span> <span class='ocrx_word' id='word_1_16' title='bbox 1429 576 1539 618; x_wconf 93' lang='lat' dir='ltr'><strong>nec</strong></span> <span class='ocrx_word' id='word_1_17' title='bbox 1584 558 1782 618; x_wconf 92' lang='lat' dir='ltr'><strong>minus</strong></span> <span class='ocrx_word' id='word_1_18' title='bbox 1826 557 1922 618; x_wconf 92' lang='lat' dir='ltr'><strong>illa</strong></span> <span class='ocrx_word' id='word_1_19' title='bbox 1979 558 2117 618; x_wconf 88' lang='lat' dir='ltr'><strong>fletu</strong></span> <span class='ocrx_word' id='word_1_20' title='bbox 2175 558 2422 619; x_wconf 83' lang='lat' dir='ltr'><strong>confusa</strong></span> 
     </span>
     <span class='ocr_line' id='line_1_4' title="bbox 266 641 2422 723; baseline -0 -19"><span class='ocrx_word' id='word_1_21' title='bbox 266 645 451 705; x_wconf 88' lang='lat' dir='ltr'><strong>altera</strong></span> <span class='ocrx_word' id='word_1_22' title='bbox 494 642 663 723; x_wconf 83' lang='lat' dir='ltr'><strong>parte</strong></span> <span class='ocrx_word' id='word_1_23' title='bbox 705 641 907 703; x_wconf 89' lang='lat' dir='ltr'><strong>lectuli</strong></span> <span class='ocrx_word' id='word_1_24' title='bbox 951 641 1101 703; x_wconf 93' lang='lat' dir='ltr'><strong>sedit</strong></span> <span class='ocrx_word' id='word_1_25' title='bbox 1142 643 1464 721; x_wconf 78' lang='lat' dir='ltr'><strong>aetatisque</strong></span> <span class='ocrx_word' id='word_1_26' title='bbox 1506 642 1718 722; x_wconf 88' lang='lat' dir='ltr'><strong>longae</strong></span> <span class='ocrx_word' id='word_1_27' title='bbox 1750 660 1977 703; x_wconf 91' lang='lat' dir='ltr'><strong>moram</strong></span> <span class='ocrx_word' id='word_1_28' title='bbox 2007 643 2275 704; x_wconf 83' lang='lat' dir='ltr'><strong>tremulis</strong></span> <span class='ocrx_word' id='word_1_29' title='bbox 2318 662 2422 703; x_wconf 91' lang='lat' dir='ltr'><strong>vo-</strong></span> 
     </span>
     <span class='ocr_line' id='line_1_5' title="bbox 267 727 1885 807; baseline -0.002 -16"><span class='ocrx_word' id='word_1_30' title='bbox 267 730 436 791; x_wconf 87' lang='lat' dir='ltr'><strong>cibus</strong></span> <span class='ocrx_word' id='word_1_31' title='bbox 466 728 665 807; x_wconf 88' lang='lat' dir='ltr'><strong>coepit</strong></span> <span class='ocrx_word' id='word_1_32' title='bbox 693 745 988 800; x_wconf 83' lang='lat' dir='ltr'><strong>accusare,</strong></span> <span class='ocrx_word' id='word_1_33' title='bbox 1022 727 1212 789; x_wconf 91' lang='lat' dir='ltr'><strong>donec</strong></span> <span class='ocrx_word' id='word_1_34' title='bbox 1243 728 1562 788; x_wconf 88' lang='lat' dir='ltr'><strong>intervenit</strong></span> <span class='ocrx_word' id='word_1_35' title='bbox 1592 729 1885 790; x_wconf 79' lang='lat' dir='ltr'><strong>sacerdos.</strong></span> 
     </span>
    </p>

    <p class='ocr_par' dir='ltr' id='par_1_3' title="bbox 201 812 2424 978">
     <span class='ocr_line' id='line_1_6' title="bbox 201 812 2423 893; baseline 0 -18"><span class='ocrx_word' id='word_1_36' title='bbox 201 826 227 875; x_wconf 80' lang='lat'>5</span> <span class='ocrx_word' id='word_1_37' title='bbox 437 814 602 893; x_wconf 87' lang='lat' dir='ltr'><strong>‘quid</strong></span> <span class='ocrx_word' id='word_1_38' title='bbox 645 812 767 874; x_wconf 90' lang='lat' dir='ltr'><strong>vos’</strong></span> <span class='ocrx_word' id='word_1_39' title='bbox 800 812 993 891; x_wconf 88' lang='lat' dir='ltr'><strong>inquit</strong></span> <span class='ocrx_word' id='word_1_40' title='bbox 1024 812 1104 873; x_wconf 88' lang='lat' dir='ltr'><strong>‘in</strong></span> <span class='ocrx_word' id='word_1_41' title='bbox 1152 812 1358 874; x_wconf 88' lang='lat' dir='ltr'><strong>cellam</strong></span> <span class='ocrx_word' id='word_1_42' title='bbox 1401 832 1593 874; x_wconf 92' lang='lat' dir='ltr'><strong>meam</strong></span> <span class='ocrx_word' id='word_1_43' title='bbox 1643 822 1926 891; x_wconf 91' lang='lat' dir='ltr'><strong>tanquam</strong></span> <span class='ocrx_word' id='word_1_44' title='bbox 1965 815 2034 875; x_wconf 92' lang='lat' dir='ltr'><strong>ad</strong></span> <span class='ocrx_word' id='word_1_45' title='bbox 2068 833 2280 876; x_wconf 90' lang='lat' dir='ltr'><strong>recens</strong></span> <span class='ocrx_word' id='word_1_46' title='bbox 2311 816 2423 876; x_wconf 92' lang='lat' dir='ltr'><strong>bu-</strong></span> 
     </span>
     <span class='ocr_line' id='line_1_7' title="bbox 203 895 2424 978; baseline 0 -16"><span class='ocrx_word' id='word_1_47' title='bbox 203 917 239 967; x_wconf 89' lang='lat'><em>0</em></span> <span class='ocrx_word' id='word_1_48' title='bbox 270 909 427 962; x_wconf 89' lang='lat' dir='ltr'><strong>stum</strong></span> <span class='ocrx_word' id='word_1_49' title='bbox 456 895 741 960; x_wconf 82' lang='lat' dir='ltr'><strong>venistis?</strong></span> <span class='ocrx_word' id='word_1_50' title='bbox 780 895 791 978; x_wconf 85' lang='grc'>1</span> <span class='ocrx_word' id='word_1_51' title='bbox 829 898 1036 976; x_wconf 92' lang='lat' dir='ltr'><strong>utique</strong></span> <span class='ocrx_word' id='word_1_52' title='bbox 1066 898 1160 958; x_wconf 91' lang='lat' dir='ltr'><strong>die</strong></span> <span class='ocrx_word' id='word_1_53' title='bbox 1189 898 1490 972; x_wconf 87' lang='lat' dir='ltr'><strong>feriarum,</strong></span> <span class='ocrx_word' id='word_1_54' title='bbox 1524 917 1642 977; x_wconf 92' lang='lat' dir='ltr'><strong>quo</strong></span> <span class='ocrx_word' id='word_1_55' title='bbox 1676 899 1852 959; x_wconf 89' lang='lat' dir='ltr'><strong>etiam</strong></span> <span class='ocrx_word' id='word_1_56' title='bbox 1886 897 2158 976; x_wconf 89' lang='lat' dir='ltr'><strong>lugentes</strong></span> <span class='ocrx_word' id='word_1_57' title='bbox 2188 900 2424 964; x_wconf 86' lang='lat' dir='ltr'><strong>rident.·&#39;</strong></span> 
     </span>
    </p>
   </div>
   <div class='ocr_carea' id='block_1_3' title="bbox 106 1015 2432 1696">
    <p class='ocr_par' dir='ltr' id='par_1_4' title="bbox 180 1015 2430 1183">
     <span class='ocr_line' id='line_1_8' title="bbox 180 1015 2429 1098; baseline -0 -18"><span class='ocrx_word' id='word_1_58' title='bbox 180 1018 392 1098; x_wconf 70' lang='lat' dir='ltr'><strong>L01‘o’</strong></span> <span class='ocrx_word' id='word_1_59' title='bbox 441 1017 635 1096; x_wconf 91' lang='lat' dir='ltr'><strong>inquit</strong></span> <span class='ocrx_word' id='word_1_60' title='bbox 680 1015 1037 1090; x_wconf 87' lang='lat' dir='ltr'><strong>‘Oenothea‚</strong></span> <span class='ocrx_word' id='word_1_61' title='bbox 1094 1018 1255 1078; x_wconf 90' lang='lat' dir='ltr'><strong>hunc</strong></span> <span class='ocrx_word' id='word_1_62' title='bbox 1314 1017 1752 1079; x_wconf 84' lang='lat' dir='ltr'><strong>adulescentem</strong></span> <span class='ocrx_word' id='word_1_63' title='bbox 1806 1036 1984 1098; x_wconf 90' lang='lat' dir='ltr'><strong>quem</strong></span> <span class='ocrx_word' id='word_1_64' title='bbox 2030 1019 2215 1080; x_wconf 89' lang='lat' dir='ltr'><strong>vides:</strong></span> <span class='ocrx_word' id='word_1_65' title='bbox 2276 1019 2429 1080; x_wconf 90' lang='lat' dir='ltr'><strong>malo</strong></span> 
     </span>
     <span class='ocr_line' id='line_1_9' title="bbox 271 1104 2430 1183; baseline 0 -19"><span class='ocrx_word' id='word_1_66' title='bbox 271 1114 426 1166; x_wconf 90' lang='lat' dir='ltr'><strong>astro</strong></span> <span class='ocrx_word' id='word_1_67' title='bbox 475 1111 649 1163; x_wconf 89' lang='lat' dir='ltr'><strong>natus</strong></span> <span class='ocrx_word' id='word_1_68' title='bbox 692 1111 811 1175; x_wconf 88' lang='lat' dir='ltr'><strong>est;</strong></span> <span class='ocrx_word' id='word_1_69' title='bbox 861 1120 997 1161; x_wconf 91' lang='lat' dir='ltr'><strong>nam</strong></span> <span class='ocrx_word' id='word_1_70' title='bbox 1031 1121 1224 1180; x_wconf 91' lang='lat' dir='ltr'><strong>neque</strong></span> <span class='ocrx_word' id='word_1_71' title='bbox 1258 1120 1442 1180; x_wconf 88' lang='lat' dir='ltr'><strong>puero</strong></span> <span class='ocrx_word' id='word_1_72' title='bbox 1477 1122 1671 1181; x_wconf 91' lang='lat' dir='ltr'><strong>neque</strong></span> <span class='ocrx_word' id='word_1_73' title='bbox 1704 1104 1935 1183; x_wconf 90' lang='lat' dir='ltr'><strong>puellae</strong></span> <span class='ocrx_word' id='word_1_74' title='bbox 1968 1104 2125 1165; x_wconf 86' lang='lat' dir='ltr'><strong>bona</strong></span> <span class='ocrx_word' id='word_1_75' title='bbox 2153 1123 2259 1165; x_wconf 91' lang='lat' dir='ltr'><strong>sua</strong></span> <span class='ocrx_word' id='word_1_76' title='bbox 2288 1124 2430 1165; x_wconf 91' lang='lat' dir='ltr'><strong>ven-</strong></span> 
     </span>
    </p>

    <p class='ocr_par' dir='ltr' id='par_1_5' title="bbox 106 1183 2432 1696">
     <span class='ocr_line' id='line_1_10' title="bbox 205 1183 2429 1268; baseline 0 -18"><span class='ocrx_word' id='word_1_77' title='bbox 205 1192 243 1242; x_wconf 90' lang='lat' dir='ltr'><em>L</em></span> <span class='ocrx_word' id='word_1_78' title='bbox 275 1191 416 1250; x_wconf 90' lang='lat' dir='ltr'><strong>dere</strong></span> <span class='ocrx_word' id='word_1_79' title='bbox 462 1196 676 1268; x_wconf 89' lang='lat' dir='ltr'><strong>potest.</strong></span> <span class='ocrx_word' id='word_1_80' title='bbox 717 1183 728 1268; x_wconf 77' lang='grc' dir='ltr'>Ι</span> <span class='ocrx_word' id='word_1_81' title='bbox 768 1205 1075 1265; x_wconf 89' lang='lat' dir='ltr'><strong>nunquam</strong></span> <span class='ocrx_word' id='word_1_82' title='bbox 1121 1197 1186 1248; x_wconf 91' lang='lat' dir='ltr'><strong>tu</strong></span> <span class='ocrx_word' id='word_1_83' title='bbox 1229 1187 1534 1248; x_wconf 89' lang='lat' dir='ltr'><strong>hominem</strong></span> <span class='ocrx_word' id='word_1_84' title='bbox 1580 1197 1697 1248; x_wconf 88' lang='lat' dir='ltr'><strong>tam</strong></span> <span class='ocrx_word' id='word_1_85' title='bbox 1742 1189 2042 1249; x_wconf 72' lang='lat' dir='ltr'><strong>infelicem</strong></span> <span class='ocrx_word' id='word_1_86' title='bbox 2074 1190 2292 1250; x_wconf 78' lang='lat' dir='ltr'><strong>vidistit</strong></span> <span class='ocrx_word' id='word_1_87' title='bbox 2342 1190 2429 1250; x_wconf 94' lang='lat' dir='ltr'><strong>lo-</strong></span> 
     </span>
     <span class='ocr_line' id='line_1_11' title="bbox 106 1268 2431 1353; baseline 0.004 -27"><span class='ocrx_word' id='word_1_88' title='bbox 106 1276 234 1331; x_wconf 87' lang='lat' dir='ltr'>L010</span> <span class='ocrx_word' id='word_1_89' title='bbox 273 1293 405 1335; x_wconf 92' lang='lat' dir='ltr'><strong>rum</strong></span> <span class='ocrx_word' id='word_1_90' title='bbox 452 1275 515 1334; x_wconf 92' lang='lat' dir='ltr'><strong>in</strong></span> <span class='ocrx_word' id='word_1_91' title='bbox 563 1291 732 1352; x_wconf 88' lang='lat' dir='ltr'><strong>aqua,</strong></span> <span class='ocrx_word' id='word_1_92' title='bbox 779 1291 902 1332; x_wconf 92' lang='lat' dir='ltr'><strong>non</strong></span> <span class='ocrx_word' id='word_1_93' title='bbox 949 1272 1197 1350; x_wconf 88' lang='lat' dir='ltr'><strong>inguina</strong></span> <span class='ocrx_word' id='word_1_94' title='bbox 1239 1272 1432 1333; x_wconf 92' lang='lat' dir='ltr'><strong>habet.</strong></span> <span class='ocrx_word' id='word_1_95' title='bbox 1477 1268 1487 1352; x_wconf 87' lang='grc' dir='ltr'>Ι</span> <span class='ocrx_word' id='word_1_96' title='bbox 1524 1273 1593 1332; x_wconf 92' lang='lat' dir='ltr'><strong>ad</strong></span> <span class='ocrx_word' id='word_1_97' title='bbox 1626 1292 1945 1347; x_wconf 86' lang='lat' dir='ltr'><strong>summam,</strong></span> <span class='ocrx_word' id='word_1_98' title='bbox 1993 1275 2226 1353; x_wconf 91' lang='lat' dir='ltr'><strong>qualem</strong></span> <span class='ocrx_word' id='word_1_99' title='bbox 2261 1285 2431 1353; x_wconf 86' lang='lat' dir='ltr'><strong>putas</strong></span> 
     </span>
     <span class='ocr_line' id='line_1_12' title="bbox 205 1355 2432 1438; baseline -0 -16"><span class='ocrx_word' id='word_1_100' title='bbox 205 1371 244 1422; x_wconf 88' lang='lat' dir='ltr'><em>L</em></span> <span class='ocrx_word' id='word_1_101' title='bbox 277 1378 433 1434; x_wconf 89' lang='grc'><strong>6556,</strong></span> <span class='ocrx_word' id='word_1_102' title='bbox 481 1359 584 1438; x_wconf 93' lang='lat' dir='ltr'><strong>qui</strong></span> <span class='ocrx_word' id='word_1_103' title='bbox 628 1359 701 1420; x_wconf 94' lang='lat' dir='ltr'><strong>de</strong></span> <span class='ocrx_word' id='word_1_104' title='bbox 746 1357 943 1419; x_wconf 86' lang='lat' dir='ltr'><strong>Circes</strong></span> <span class='ocrx_word' id='word_1_105' title='bbox 985 1365 1118 1418; x_wconf 90' lang='lat' dir='ltr'><strong>toro</strong></span> <span class='ocrx_word' id='word_1_106' title='bbox 1164 1357 1294 1418; x_wconf 88' lang='lat' dir='ltr'><strong>sine</strong></span> <span class='ocrx_word' id='word_1_107' title='bbox 1340 1358 1636 1436; x_wconf 90' lang='lat' dir='ltr'><strong>voluptate</strong></span> <span class='ocrx_word' id='word_1_108' title='bbox 1682 1355 1997 1419; x_wconf 60' lang='lat' dir='ltr'><strong>surrexit?</strong></span> <span class='ocrx_word' id='word_1_109' title='bbox 2037 1357 2047 1438; x_wconf 88' lang='grc' dir='ltr'>Ι</span> <span class='ocrx_word' id='word_1_110' title='bbox 2085 1359 2176 1420; x_wconf 91' lang='lat' dir='ltr'><strong>his</strong></span> <span class='ocrx_word' id='word_1_111' title='bbox 2220 1361 2432 1421; x_wconf 90' lang='lat' dir='ltr'><strong>auditis</strong></span> 
     </span>
     <span class='ocr_line' id='line_1_13' title="bbox 276 1442 2430 1523; baseline -0 -17"><span class='ocrx_word' id='word_1_112' title='bbox 276 1446 586 1507; x_wconf 82' lang='lat' dir='ltr'><strong>Oenothea</strong></span> <span class='ocrx_word' id='word_1_113' title='bbox 613 1443 768 1503; x_wconf 91' lang='lat' dir='ltr'><strong>inter</strong></span> <span class='ocrx_word' id='word_1_114' title='bbox 797 1451 1119 1522; x_wconf 93' lang='lat' dir='ltr'><strong>utrumque</strong></span> <span class='ocrx_word' id='word_1_115' title='bbox 1149 1442 1418 1504; x_wconf 90' lang='lat' dir='ltr'><strong>consedit</strong></span> <span class='ocrx_word' id='word_1_116' title='bbox 1449 1451 1729 1522; x_wconf 90' lang='lat' dir='ltr'><strong>motoque</strong></span> <span class='ocrx_word' id='word_1_117' title='bbox 1752 1443 1973 1504; x_wconf 90' lang='lat' dir='ltr'><strong>diutius</strong></span> <span class='ocrx_word' id='word_1_118' title='bbox 1996 1444 2186 1523; x_wconf 90' lang='lat' dir='ltr'><strong>capite</strong></span> <span class='ocrx_word' id='word_1_119' title='bbox 2208 1444 2430 1505; x_wconf 85' lang='lat' dir='ltr'><strong>‘istum’</strong></span> 
     </span>
     <span class='ocr_line' id='line_1_14' title="bbox 276 1528 2429 1611; baseline -0 -19"><span class='ocrx_word' id='word_1_120' title='bbox 276 1531 470 1610; x_wconf 91' lang='lat' dir='ltr'><strong>inquit</strong></span> <span class='ocrx_word' id='word_1_121' title='bbox 515 1528 809 1589; x_wconf 88' lang='lat' dir='ltr'><strong>‘morbum</strong></span> <span class='ocrx_word' id='word_1_122' title='bbox 853 1528 974 1589; x_wconf 89' lang='lat' dir='ltr'><strong>sola</strong></span> <span class='ocrx_word' id='word_1_123' title='bbox 1019 1547 1151 1589; x_wconf 91' lang='lat' dir='ltr'><strong>sum</strong></span> <span class='ocrx_word' id='word_1_124' title='bbox 1198 1547 1348 1607; x_wconf 91' lang='lat' dir='ltr'><strong>quae</strong></span> <span class='ocrx_word' id='word_1_125' title='bbox 1393 1529 1712 1589; x_wconf 90' lang='lat' dir='ltr'><strong>emendare</strong></span> <span class='ocrx_word' id='word_1_126' title='bbox 1757 1529 1900 1590; x_wconf 92' lang='lat' dir='ltr'><strong>scio.</strong></span> <span class='ocrx_word' id='word_1_127' title='bbox 1963 1537 2021 1589; x_wconf 87' lang='lat' dir='ltr'><strong>et</strong></span> <span class='ocrx_word' id='word_1_128' title='bbox 2068 1549 2143 1590; x_wconf 93' lang='lat' dir='ltr'><strong>ne</strong></span> <span class='ocrx_word' id='word_1_129' title='bbox 2187 1549 2277 1590; x_wconf 82' lang='lat' dir='ltr'><strong>me</strong></span> <span class='ocrx_word' id='word_1_130' title='bbox 2317 1550 2429 1611; x_wconf 89' lang='lat' dir='ltr'><strong>pu·-</strong></span> 
     </span>
     <span class='ocr_line' id='line_1_15' title="bbox 276 1613 2432 1696; baseline -0.001 -18"><span class='ocrx_word' id='word_1_131' title='bbox 276 1617 410 1678; x_wconf 89' lang='lat' dir='ltr'><strong>tetis</strong></span> <span class='ocrx_word' id='word_1_132' title='bbox 439 1615 720 1696; x_wconf 87' lang='lat' dir='ltr'><strong>perplexe</strong></span> <span class='ocrx_word' id='word_1_133' title='bbox 742 1631 936 1691; x_wconf 88' lang='lat' dir='ltr'><strong>agere,</strong></span> <span class='ocrx_word' id='word_1_134' title='bbox 968 1632 1114 1693; x_wconf 88' lang='lat' dir='ltr'><strong>rogo</strong></span> <span class='ocrx_word' id='word_1_135' title='bbox 1140 1622 1204 1674; x_wconf 89' lang='lat' dir='ltr'><strong>ut</strong></span> <span class='ocrx_word' id='word_1_136' title='bbox 1225 1613 1702 1675; x_wconf 88' lang='lat' dir='ltr'><strong>adulescentulus</strong></span> <span class='ocrx_word' id='word_1_137' title='bbox 1726 1632 1956 1676; x_wconf 90' lang='lat' dir='ltr'><strong>mecum</strong></span> <span class='ocrx_word' id='word_1_138' title='bbox 1982 1624 2156 1675; x_wconf 92' lang='lat' dir='ltr'><strong>nocte</strong></span> <span class='ocrx_word' id='word_1_139' title='bbox 2181 1615 2432 1677; x_wconf 87' lang='lat' dir='ltr'><strong>dormiat</strong></span> 
     </span>
    </p>
   </div>
   <div class='ocr_carea' id='block_1_4' title="bbox 178 1748 2602 3365">
    <p class='ocr_par' dir='ltr' id='par_1_6' title="bbox 178 1748 2602 3365">
     <span class='ocr_line' id='line_1_16' title="bbox 188 1748 1810 1828; baseline -0.004 -11"><span class='ocrx_word' id='word_1_140' title='bbox 188 1767 236 1817; x_wconf 89' lang='lat'><strong>15</strong></span> <span class='ocrx_word' id='word_1_141' title='bbox 279 1752 394 1814; x_wconf 93' lang='lat' dir='ltr'><strong>nisi</strong></span> <span class='ocrx_word' id='word_1_142' title='bbox 424 1750 572 1812; x_wconf 92' lang='lat' dir='ltr'><strong>illud</strong></span> <span class='ocrx_word' id='word_1_143' title='bbox 606 1759 724 1809; x_wconf 91' lang='lat' dir='ltr'><strong>tam</strong></span> <span class='ocrx_word' id='word_1_144' title='bbox 755 1748 1007 1826; x_wconf 89' lang='lat' dir='ltr'><strong>rigidum</strong></span> <span class='ocrx_word' id='word_1_145' title='bbox 1039 1748 1350 1810; x_wconf 89' lang='lat' dir='ltr'><strong>reddidero</strong></span> <span class='ocrx_word' id='word_1_146' title='bbox 1382 1768 1556 1828; x_wconf 90' lang='lat' dir='ltr'><strong>quam</strong></span> <span class='ocrx_word' id='word_1_147' title='bbox 1590 1768 1810 1811; x_wconf 92' lang='lat' dir='ltr'><strong>cornu:</strong></span> 
     </span>
     <span class='ocr_line' id='line_1_17' title="bbox 185 1833 2137 1917; baseline 0.002 -22"><span class='ocrx_word' id='word_1_148' title='bbox 185 1857 268 1907; x_wconf 88' lang='lat' dir='ltr'><strong>LO</strong></span> <span class='ocrx_word' id='word_1_149' title='bbox 442 1834 455 1917; x_wconf 77' lang='grc'>1</span> <span class='ocrx_word' id='word_1_150' title='bbox 496 1833 777 1915; x_wconf 90' lang='lat' dir='ltr'><strong>quicquid</strong></span> <span class='ocrx_word' id='word_1_151' title='bbox 807 1835 870 1894; x_wconf 90' lang='lat' dir='ltr'><strong>in</strong></span> <span class='ocrx_word' id='word_1_152' title='bbox 902 1834 1047 1894; x_wconf 93' lang='lat' dir='ltr'><strong>orbe</strong></span> <span class='ocrx_word' id='word_1_153' title='bbox 1075 1834 1254 1908; x_wconf 91' lang='lat' dir='ltr'><strong>vides,</strong></span> <span class='ocrx_word' id='word_1_154' title='bbox 1285 1844 1455 1914; x_wconf 91' lang='lat' dir='ltr'><strong>paret</strong></span> <span class='ocrx_word' id='word_1_155' title='bbox 1484 1835 1649 1896; x_wconf 93' lang='lat' dir='ltr'><strong>mihi.</strong></span> <span class='ocrx_word' id='word_1_156' title='bbox 1709 1836 1914 1897; x_wconf 89' lang='lat' dir='ltr'><strong>florida</strong></span> <span class='ocrx_word' id='word_1_157' title='bbox 1945 1836 2137 1911; x_wconf 83' lang='lat' dir='ltr'><strong>telluS‚</strong></span> 
     </span>
     <span class='ocr_line' id='line_1_18' title="bbox 495 1919 1832 2000; baseline 0 -18"><span class='ocrx_word' id='word_1_158' title='bbox 495 1938 628 1982; x_wconf 90' lang='lat' dir='ltr'><strong>cum</strong></span> <span class='ocrx_word' id='word_1_159' title='bbox 659 1919 813 1992; x_wconf 88' lang='lat' dir='ltr'><strong>volo,</strong></span> <span class='ocrx_word' id='word_1_160' title='bbox 846 1919 1079 1980; x_wconf 89' lang='lat' dir='ltr'><strong>siccatis</strong></span> <span class='ocrx_word' id='word_1_161' title='bbox 1108 1921 1319 1981; x_wconf 89' lang='lat' dir='ltr'><strong>arescit</strong></span> <span class='ocrx_word' id='word_1_162' title='bbox 1352 1920 1626 2000; x_wconf 90' lang='lat' dir='ltr'><strong>languida</strong></span> <span class='ocrx_word' id='word_1_163' title='bbox 1659 1921 1832 1994; x_wconf 83' lang='lat' dir='ltr'><strong>suciS‚</strong></span> 
     </span>
     <span class='ocr_line' id='line_1_19' title="bbox 496 2004 2234 2086; baseline 0.001 -19"><span class='ocrx_word' id='word_1_164' title='bbox 496 2024 632 2067; x_wconf 90' lang='lat' dir='ltr'><strong>cum</strong></span> <span class='ocrx_word' id='word_1_165' title='bbox 659 2005 811 2079; x_wconf 88' lang='lat' dir='ltr'><strong>volo,</strong></span> <span class='ocrx_word' id='word_1_166' title='bbox 842 2004 1039 2066; x_wconf 89' lang='lat' dir='ltr'><strong>fundit</strong></span> <span class='ocrx_word' id='word_1_167' title='bbox 1069 2024 1212 2084; x_wconf 90' lang='lat' dir='ltr'><strong>opes</strong></span> <span class='ocrx_word' id='word_1_168' title='bbox 1243 2006 1595 2086; x_wconf 89' lang='lat' dir='ltr'><strong>scopulique</strong></span> <span class='ocrx_word' id='word_1_169' title='bbox 1627 2015 1803 2085; x_wconf 90' lang='lat' dir='ltr'><strong>atque</strong></span> <span class='ocrx_word' id='word_1_170' title='bbox 1834 2006 2070 2067; x_wconf 89' lang='lat' dir='ltr'><strong>horrida</strong></span> <span class='ocrx_word' id='word_1_171' title='bbox 2100 2026 2234 2069; x_wconf 87' lang='lat' dir='ltr'><strong>saxa</strong></span> 
     </span>
     <span class='ocr_line' id='line_1_20' title="bbox 494 2090 2043 2170; baseline 0 -18"><span class='ocrx_word' id='word_1_172' title='bbox 494 2091 744 2153; x_wconf 90' lang='lat' dir='ltr'><strong>Niliacas</strong></span> <span class='ocrx_word' id='word_1_173' title='bbox 775 2090 1105 2152; x_wconf 90' lang='lat' dir='ltr'><strong>iaculantur</strong></span> <span class='ocrx_word' id='word_1_174' title='bbox 1134 2108 1332 2169; x_wconf 84' lang='lat' dir='ltr'><strong>aquas.</strong></span> <span class='ocrx_word' id='word_1_175' title='bbox 1392 2091 1539 2151; x_wconf 91' lang='lat' dir='ltr'><strong>mihi</strong></span> <span class='ocrx_word' id='word_1_176' title='bbox 1566 2100 1789 2170; x_wconf 87' lang='lat' dir='ltr'><strong>pontus</strong></span> <span class='ocrx_word' id='word_1_177' title='bbox 1819 2092 2043 2152; x_wconf 88' lang='lat' dir='ltr'><strong>inertes</strong></span> 
     </span>
     <span class='ocr_line' id='line_1_21' title="bbox 181 2175 1997 2256; baseline -0.003 -14"><span class='ocrx_word' id='word_1_178' title='bbox 181 2191 233 2242; x_wconf 78' lang='lat'><strong>20</strong></span> <span class='ocrx_word' id='word_1_179' title='bbox 493 2175 788 2239; x_wconf 90' lang='lat' dir='ltr'><strong>submittit</strong></span> <span class='ocrx_word' id='word_1_180' title='bbox 816 2176 1049 2248; x_wconf 88' lang='lat' dir='ltr'><strong>fluctus,</strong></span> <span class='ocrx_word' id='word_1_181' title='bbox 1082 2177 1439 2256; x_wconf 82' lang='lat' dir='ltr'><strong>zephyrique</strong></span> <span class='ocrx_word' id='word_1_182' title='bbox 1472 2176 1727 2237; x_wconf 84' lang='lat' dir='ltr'><strong>tacentia</strong></span> <span class='ocrx_word' id='word_1_183' title='bbox 1758 2186 1997 2256; x_wconf 90' lang='lat' dir='ltr'><strong>ponunt</strong></span> 
     </span>
     <span class='ocr_line' id='line_1_22' title="bbox 494 2259 2119 2341; baseline -0.001 -17"><span class='ocrx_word' id='word_1_184' title='bbox 494 2271 632 2324; x_wconf 89' lang='lat' dir='ltr'><strong>ante</strong></span> <span class='ocrx_word' id='word_1_185' title='bbox 662 2279 827 2323; x_wconf 89' lang='lat' dir='ltr'><strong>meos</strong></span> <span class='ocrx_word' id='word_1_186' title='bbox 856 2279 964 2323; x_wconf 88' lang='lat' dir='ltr'><strong>sua</strong></span> <span class='ocrx_word' id='word_1_187' title='bbox 992 2260 1169 2323; x_wconf 86' lang='lat' dir='ltr'><strong>flabra</strong></span> <span class='ocrx_word' id='word_1_188' title='bbox 1204 2260 1399 2340; x_wconf 81' lang='lat' dir='ltr'><strong>pedeS.</strong></span> <span class='ocrx_word' id='word_1_189' title='bbox 1464 2259 1602 2322; x_wconf 90' lang='lat' dir='ltr'><strong>mihi</strong></span> <span class='ocrx_word' id='word_1_190' title='bbox 1634 2260 1877 2322; x_wconf 87' lang='lat' dir='ltr'><strong>flumina</strong></span> <span class='ocrx_word' id='word_1_191' title='bbox 1909 2270 2119 2341; x_wconf 90' lang='lat' dir='ltr'><strong>parent</strong></span> 
     </span>
     <span class='ocr_line' id='line_1_23' title="bbox 495 2347 1917 2428; baseline -0.001 -20"><span class='ocrx_word' id='word_1_192' title='bbox 495 2348 921 2428; x_wconf 82' lang='lat' dir='ltr'><strong>Hyrcanaeque</strong></span> <span class='ocrx_word' id='word_1_193' title='bbox 949 2347 1131 2424; x_wconf 87' lang='lat' dir='ltr'><strong>tigres</strong></span> <span class='ocrx_word' id='word_1_194' title='bbox 1163 2356 1220 2407; x_wconf 86' lang='lat' dir='ltr'><strong>et</strong></span> <span class='ocrx_word' id='word_1_195' title='bbox 1249 2347 1391 2407; x_wconf 89' lang='lat' dir='ltr'><strong>iussi</strong></span> <span class='ocrx_word' id='word_1_196' title='bbox 1423 2356 1578 2407; x_wconf 89' lang='lat' dir='ltr'><strong>stare</strong></span> <span class='ocrx_word' id='word_1_197' title='bbox 1610 2347 1917 2407; x_wconf 77' lang='lat' dir='ltr'><strong>dracones·</strong></span> 
     </span>
     <span class='ocr_line' id='line_1_24' title="bbox 495 2429 1938 2512; baseline -0.003 -18"><span class='ocrx_word' id='word_1_198' title='bbox 495 2434 634 2512; x_wconf 90' lang='lat' dir='ltr'><strong>quid</strong></span> <span class='ocrx_word' id='word_1_199' title='bbox 666 2432 882 2493; x_wconf 91' lang='lat' dir='ltr'><strong>leviora</strong></span> <span class='ocrx_word' id='word_1_200' title='bbox 910 2429 1170 2510; x_wconf 78' lang='lat' dir='ltr'><strong>loquor?</strong></span> <span class='ocrx_word' id='word_1_201' title='bbox 1200 2431 1375 2492; x_wconf 93' lang='lat' dir='ltr'><strong>lunae</strong></span> <span class='ocrx_word' id='word_1_202' title='bbox 1406 2430 1714 2492; x_wconf 87' lang='lat' dir='ltr'><strong>descendit</strong></span> <span class='ocrx_word' id='word_1_203' title='bbox 1744 2432 1938 2510; x_wconf 87' lang='lat' dir='ltr'><strong>imago</strong></span> 
     </span>
     <span class='ocr_line' id='line_1_25' title="bbox 495 2516 2049 2597; baseline -0.002 -18"><span class='ocrx_word' id='word_1_204' title='bbox 495 2517 856 2579; x_wconf 87' lang='lat' dir='ltr'><strong>carminibus</strong></span> <span class='ocrx_word' id='word_1_205' title='bbox 886 2517 1136 2578; x_wconf 91' lang='lat' dir='ltr'><strong>deducta</strong></span> <span class='ocrx_word' id='word_1_206' title='bbox 1167 2516 1330 2589; x_wconf 88' lang='lat' dir='ltr'><strong>meis,</strong></span> <span class='ocrx_word' id='word_1_207' title='bbox 1364 2516 1751 2597; x_wconf 87' lang='lat' dir='ltr'><strong>trepidusque</strong></span> <span class='ocrx_word' id='word_1_208' title='bbox 1779 2517 2049 2578; x_wconf 88' lang='lat' dir='ltr'><strong>furentes</strong></span> 
     </span>
     <span class='ocr_line' id='line_1_26' title="bbox 181 2601 2011 2681; baseline -0.003 -15"><span class='ocrx_word' id='word_1_209' title='bbox 181 2618 232 2666; x_wconf 80' lang='grc'><strong>25</strong></span> <span class='ocrx_word' id='word_1_210' title='bbox 493 2604 731 2665; x_wconf 87' lang='lat' dir='ltr'><strong>flectere</strong></span> <span class='ocrx_word' id='word_1_211' title='bbox 765 2602 1040 2664; x_wconf 88' lang='lat' dir='ltr'><strong>Phoebus</strong></span> <span class='ocrx_word' id='word_1_212' title='bbox 1071 2621 1256 2681; x_wconf 89' lang='lat' dir='ltr'><strong>equos</strong></span> <span class='ocrx_word' id='word_1_213' title='bbox 1286 2601 1553 2663; x_wconf 90' lang='lat' dir='ltr'><strong>revoluto</strong></span> <span class='ocrx_word' id='word_1_214' title='bbox 1586 2602 1819 2680; x_wconf 92' lang='lat' dir='ltr'><strong>cogitur</strong></span> <span class='ocrx_word' id='word_1_215' title='bbox 1849 2601 2011 2662; x_wconf 90' lang='lat' dir='ltr'><strong>orbe.</strong></span> 
     </span>
     <span class='ocr_line' id='line_1_27' title="bbox 496 2687 2060 2766; baseline -0.001 -17"><span class='ocrx_word' id='word_1_216' title='bbox 496 2698 725 2749; x_wconf 90' lang='lat' dir='ltr'><strong>tantum</strong></span> <span class='ocrx_word' id='word_1_217' title='bbox 754 2687 909 2748; x_wconf 89' lang='lat' dir='ltr'><strong>dicta</strong></span> <span class='ocrx_word' id='word_1_218' title='bbox 937 2687 1149 2748; x_wconf 89' lang='lat' dir='ltr'><strong>valent.</strong></span> <span class='ocrx_word' id='word_1_219' title='bbox 1211 2696 1519 2748; x_wconf 90' lang='lat' dir='ltr'><strong>taurorum</strong></span> <span class='ocrx_word' id='word_1_220' title='bbox 1548 2687 1777 2748; x_wconf 91' lang='lat' dir='ltr'><strong>flamma</strong></span> <span class='ocrx_word' id='word_1_221' title='bbox 1809 2687 2060 2766; x_wconf 91' lang='lat' dir='ltr'><strong>quiescit</strong></span> 
     </span>
     <span class='ocr_line' id='line_1_28' title="bbox 496 2772 1823 2852; baseline -0.001 -18"><span class='ocrx_word' id='word_1_222' title='bbox 496 2773 773 2852; x_wconf 87' lang='lat' dir='ltr'><strong>virgineis</strong></span> <span class='ocrx_word' id='word_1_223' title='bbox 803 2773 1059 2834; x_wconf 87' lang='lat' dir='ltr'><strong>extincta</strong></span> <span class='ocrx_word' id='word_1_224' title='bbox 1088 2773 1289 2847; x_wconf 82' lang='lat' dir='ltr'><strong>sacriS‚</strong></span> <span class='ocrx_word' id='word_1_225' title='bbox 1328 2772 1621 2834; x_wconf 89' lang='lat' dir='ltr'><strong>Phoebeia</strong></span> <span class='ocrx_word' id='word_1_226' title='bbox 1655 2772 1823 2833; x_wconf 91' lang='lat' dir='ltr'><strong>Circe</strong></span> 
     </span>
     <span class='ocr_line' id='line_1_29' title="bbox 498 2857 1853 2935; baseline -0.001 -16"><span class='ocrx_word' id='word_1_227' title='bbox 498 2858 857 2919; x_wconf 89' lang='lat' dir='ltr'><strong>carminibus</strong></span> <span class='ocrx_word' id='word_1_228' title='bbox 886 2858 1130 2935; x_wconf 92' lang='lat' dir='ltr'><strong>magicis</strong></span> <span class='ocrx_word' id='word_1_229' title='bbox 1158 2858 1352 2919; x_wconf 93' lang='lat' dir='ltr'><strong>socios</strong></span> <span class='ocrx_word' id='word_1_230' title='bbox 1383 2858 1628 2920; x_wconf 89' lang='lat' dir='ltr'><strong>mutavit</strong></span> <span class='ocrx_word' id='word_1_231' title='bbox 1657 2857 1853 2931; x_wconf 87' lang='lat' dir='ltr'><strong>Vlixis,</strong></span> 
     </span>
     <span class='ocr_line' id='line_1_30' title="bbox 495 2942 2152 3022; baseline -0.001 -18"><span class='ocrx_word' id='word_1_232' title='bbox 495 2944 747 3005; x_wconf 89' lang='lat' dir='ltr'><strong>Proteus</strong></span> <span class='ocrx_word' id='word_1_233' title='bbox 778 2961 907 3004; x_wconf 90' lang='lat' dir='ltr'><strong>esse</strong></span> <span class='ocrx_word' id='word_1_234' title='bbox 937 2942 1103 3016; x_wconf 89' lang='lat' dir='ltr'><strong>solet,</strong></span> <span class='ocrx_word' id='word_1_235' title='bbox 1135 2944 1417 3022; x_wconf 92' lang='lat' dir='ltr'><strong>quicquid</strong></span> <span class='ocrx_word' id='word_1_236' title='bbox 1449 2943 1607 3005; x_wconf 89' lang='lat' dir='ltr'><strong>libet.</strong></span> <span class='ocrx_word' id='word_1_237' title='bbox 1668 2943 1760 3003; x_wconf 90' lang='lat' dir='ltr'><strong>his</strong></span> <span class='ocrx_word' id='word_1_238' title='bbox 1791 2961 1899 3021; x_wconf 91' lang='lat' dir='ltr'><strong>ego</strong></span> <span class='ocrx_word' id='word_1_239' title='bbox 1931 2942 2152 3004; x_wconf 90' lang='lat' dir='ltr'><strong>callens</strong></span> 
     </span>
     <span class='ocr_line' id='line_1_31' title="bbox 178 3027 1812 3108; baseline -0.001 -19"><span class='ocrx_word' id='word_1_240' title='bbox 178 3041 232 3091; x_wconf 86' lang='lat'><strong>30</strong></span> <span class='ocrx_word' id='word_1_241' title='bbox 494 3029 716 3090; x_wconf 89' lang='lat' dir='ltr'><strong>artibus</strong></span> <span class='ocrx_word' id='word_1_242' title='bbox 745 3027 949 3088; x_wconf 88' lang='lat' dir='ltr'><strong>Idaeos</strong></span> <span class='ocrx_word' id='word_1_243' title='bbox 978 3028 1220 3089; x_wconf 88' lang='lat' dir='ltr'><strong>frutices</strong></span> <span class='ocrx_word' id='word_1_244' title='bbox 1249 3029 1311 3089; x_wconf 89' lang='lat' dir='ltr'><strong>in</strong></span> <span class='ocrx_word' id='word_1_245' title='bbox 1344 3029 1577 3108; x_wconf 89' lang='lat' dir='ltr'><strong>gurgite</strong></span> <span class='ocrx_word' id='word_1_246' title='bbox 1609 3028 1812 3089; x_wconf 87' lang='lat' dir='ltr'><strong>sistam</strong></span> 
     </span>
     <span class='ocr_line' id='line_1_32' title="bbox 494 3113 1920 3192; baseline -0.001 -16"><span class='ocrx_word' id='word_1_247' title='bbox 494 3123 554 3176; x_wconf 89' lang='lat' dir='ltr'><strong>et</strong></span> <span class='ocrx_word' id='word_1_248' title='bbox 583 3132 791 3175; x_wconf 88' lang='lat' dir='ltr'><strong>rursus</strong></span> <span class='ocrx_word' id='word_1_249' title='bbox 820 3113 1027 3174; x_wconf 87' lang='lat' dir='ltr'><strong>fluvios</strong></span> <span class='ocrx_word' id='word_1_250' title='bbox 1058 3113 1117 3173; x_wconf 93' lang='lat' dir='ltr'><strong>in</strong></span> <span class='ocrx_word' id='word_1_251' title='bbox 1150 3131 1382 3174; x_wconf 90' lang='lat' dir='ltr'><strong>summo</strong></span> <span class='ocrx_word' id='word_1_252' title='bbox 1413 3114 1632 3175; x_wconf 90' lang='lat' dir='ltr'><strong>vertice</strong></span> <span class='ocrx_word' id='word_1_253' title='bbox 1664 3113 1920 3192; x_wconf 91' lang='lat' dir='ltr'><strong>ponam’.</strong></span> 
     </span>
     <span class='ocr_line' id='line_1_33' title="bbox 453 3185 2602 3278; baseline -0.003 -18"><span class='ocrx_word' id='word_1_254' title='bbox 453 3200 724 3260; x_wconf 90' lang='lat' dir='ltr'><strong>inhorrui</strong></span> <span class='ocrx_word' id='word_1_255' title='bbox 756 3217 866 3277; x_wconf 93' lang='lat' dir='ltr'><strong>ego</strong></span> <span class='ocrx_word' id='word_1_256' title='bbox 897 3208 1012 3258; x_wconf 91' lang='lat' dir='ltr'><strong>tam</strong></span> <span class='ocrx_word' id='word_1_257' title='bbox 1045 3198 1307 3259; x_wconf 84' lang='lat' dir='ltr'><strong>fabulosa</strong></span> <span class='ocrx_word' id='word_1_258' title='bbox 1337 3198 1763 3278; x_wconf 86' lang='lat' dir='ltr'><strong>pollicitatione</strong></span> <span class='ocrx_word' id='word_1_259' title='bbox 1797 3197 2187 3271; x_wconf 86' lang='lat' dir='ltr'><strong>conterritus,</strong></span> <span class='ocrx_word' id='word_1_260' title='bbox 2219 3212 2428 3255; x_wconf 89' lang='lat' dir='ltr'><strong>anum·</strong></span> <span class='ocrx_word' id='word_1_261' title='bbox 2481 3185 2602 3249; x_wconf 84' lang='lat'><strong>135</strong></span> 
     </span>
     <span class='ocr_line' id='line_1_34' title="bbox 279 3284 1298 3365; baseline -0.003 -19"><span class='ocrx_word' id='word_1_262' title='bbox 279 3304 396 3365; x_wconf 90' lang='lat' dir='ltr'><strong>que</strong></span> <span class='ocrx_word' id='word_1_263' title='bbox 428 3284 722 3364; x_wconf 86' lang='lat' dir='ltr'><strong>inspicere</strong></span> <span class='ocrx_word' id='word_1_264' title='bbox 753 3284 1092 3361; x_wconf 88' lang='lat' dir='ltr'><strong>diligentius</strong></span> <span class='ocrx_word' id='word_1_265' title='bbox 1128 3285 1298 3363; x_wconf 88' lang='lat' dir='ltr'><strong>coepi</strong></span> 
     </span>
    </p>
   </div>
   <div class='ocr_carea' id='block_1_5' title="bbox 182 3452 2434 3701">
    <p class='ocr_par' dir='ltr' id='par_1_7' title="bbox 182 3452 2434 3701">
     <span class='ocr_line' id='line_1_35' title="bbox 280 3452 1677 3534; baseline -0.001 -18"><span class='ocrx_word' id='word_1_266' title='bbox 280 3453 466 3534; x_wconf 89' lang='lat' dir='ltr'><strong>‘ergo’</strong></span> <span class='ocrx_word' id='word_1_267' title='bbox 497 3453 783 3513; x_wconf 87' lang='lat' dir='ltr'><strong>exclamat</strong></span> <span class='ocrx_word' id='word_1_268' title='bbox 813 3452 1120 3513; x_wconf 90' lang='lat' dir='ltr'><strong>Oenothea</strong></span> <span class='ocrx_word' id='word_1_269' title='bbox 1153 3454 1422 3533; x_wconf 87' lang='lat' dir='ltr'><strong>‘imperio</strong></span> <span class='ocrx_word' id='word_1_270' title='bbox 1456 3453 1677 3533; x_wconf 90' lang='lat' dir='ltr'><strong>parete&#39;</strong></span> 
     </span>
     <span class='ocr_line' id='line_1_36' title="bbox 182 3534 2434 3617; baseline -0.002 -18"><span class='ocrx_word' id='word_1_271' title='bbox 182 3549 235 3599; x_wconf 82' lang='lat'><strong>35</strong></span> <span class='ocrx_word' id='word_1_272' title='bbox 277 3539 644 3617; x_wconf 85' lang='lat' dir='ltr'><strong>detersisque</strong></span> <span class='ocrx_word' id='word_1_273' title='bbox 689 3538 922 3599; x_wconf 91' lang='lat' dir='ltr'><strong>curiose</strong></span> <span class='ocrx_word' id='word_1_274' title='bbox 969 3538 1238 3600; x_wconf 90' lang='lat' dir='ltr'><strong>manibus</strong></span> <span class='ocrx_word' id='word_1_275' title='bbox 1283 3539 1588 3600; x_wconf 90' lang='lat' dir='ltr'><strong>inclinavit</strong></span> <span class='ocrx_word' id='word_1_276' title='bbox 1617 3557 1679 3599; x_wconf 90' lang='lat' dir='ltr'><strong>se</strong></span> <span class='ocrx_word' id='word_1_277' title='bbox 1709 3537 1767 3597; x_wconf 91' lang='lat' dir='ltr'><strong>in</strong></span> <span class='ocrx_word' id='word_1_278' title='bbox 1801 3534 2085 3595; x_wconf 90' lang='lat' dir='ltr'><strong>lectulum</strong></span> <span class='ocrx_word' id='word_1_279' title='bbox 2116 3552 2184 3594; x_wconf 92' lang='lat' dir='ltr'><strong>ac</strong></span> <span class='ocrx_word' id='word_1_280' title='bbox 2214 3552 2310 3595; x_wconf 89' lang='lat' dir='ltr'><strong>me</strong></span> <span class='ocrx_word' id='word_1_281' title='bbox 2340 3552 2434 3596; x_wconf 92' lang='lat' dir='ltr'><strong>se-</strong></span> 
     </span>
     <span class='ocr_line' id='line_1_37' title="bbox 281 3623 2173 3701; baseline -0.004 -16"><span class='ocrx_word' id='word_1_282' title='bbox 281 3624 397 3686; x_wconf 91' lang='lat' dir='ltr'><strong>mel</strong></span> <span class='ocrx_word' id='word_1_283' title='bbox 427 3625 762 3701; x_wconf 90' lang='lat' dir='ltr'><strong>iterumque</strong></span> <span class='ocrx_word' id='word_1_284' title='bbox 800 3623 1042 3684; x_wconf 89' lang='lat' dir='ltr'><strong>basiavit</strong></span> <span class='ocrx_word' id='word_1_285' title='bbox 2090 3635 2091 3638; x_wconf 69' lang='grc'>’</span> <span class='ocrx_word' id='word_1_286' title='bbox 2172 3643 2173 3646; x_wconf 47' lang='grc'><strong>“</strong></span> 
     </span>
    </p>
   </div>
   <div class='ocr_carea' id='block_1_6' title="bbox 278 3742 692 3753">
    <p class='ocr_par' dir='ltr' id='par_1_8' title="bbox 278 3742 692 3753">
     <span class='ocr_line' id='line_1_38' title="bbox 278 3742 692 3753; baseline 0 827"><span class='ocrx_word' id='word_1_287' title='bbox 278 3742 692 3753; x_wconf 95' lang='lat' dir='ltr'><strong> </strong></span> 
     </span>
    </p>
   </div>
   <div class='ocr_carea' id='block_1_7' title="bbox 279 3784 2438 4130">
    <p class='ocr_par' dir='ltr' id='par_1_9' title="bbox 279 3784 2438 4130">
     <span class='ocr_line' id='line_1_39' title="bbox 454 3784 2435 3858; baseline -0.002 -15"><span class='ocrx_word' id='word_1_288' title='bbox 454 3793 484 3843; x_wconf 84' lang='grc'><strong>2</strong></span> <span class='ocrx_word' id='word_1_289' title='bbox 521 3790 758 3857; x_wconf 88' lang='lat' dir='ltr'><strong>pulvinar</strong></span> <span class='ocrx_word' id='word_1_290' title='bbox 788 3790 1032 3856; x_wconf 79' lang='lat' dir='ltr'><strong>plerique</strong></span> <span class='ocrx_word' id='word_1_291' title='bbox 1053 3789 1073 3858; x_wconf 83' lang='grc' dir='ltr'><strong>ΙΙ</strong></span> <span class='ocrx_word' id='word_1_292' title='bbox 1102 3793 1131 3841; x_wconf 88' lang='lat'>5</span> <span class='ocrx_word' id='word_1_293' title='bbox 1169 3789 1251 3852; x_wconf 87' lang='lat' dir='ltr'><strong>ad]</strong></span> <span class='ocrx_word' id='word_1_294' title='bbox 1288 3794 1406 3840; x_wconf 87' lang='lat' dir='ltr'><strong>ante</strong></span> <span class='ocrx_word' id='word_1_295' title='bbox 1431 3789 1452 3855; x_wconf 90' lang='grc' dir='ltr'><strong>ΙΙ</strong></span> <span class='ocrx_word' id='word_1_296' title='bbox 1480 3793 1507 3841; x_wconf 85' lang='grc'><strong>7</strong></span> <span class='ocrx_word' id='word_1_297' title='bbox 1541 3791 1894 3855; x_wconf 70' lang='lat' dir='ltr'><strong>praemissum</strong></span> <span class='ocrx_word' id='word_1_298' title='bbox 1942 3789 2002 3837; x_wconf 81' lang='lat' dir='ltr'><strong>in</strong></span> <span class='ocrx_word' id='word_1_299' title='bbox 2047 3786 2093 3837; x_wconf 85' lang='lat' dir='ltr'><em>L</em></span> <span class='ocrx_word' id='word_1_300' title='bbox 2128 3784 2435 3839; x_wconf 83' lang='lat' dir='ltr'><strong>Proselenos</strong></span> 
     </span>
     <span class='ocr_line' id='line_1_40' title="bbox 279 3855 2438 3925; baseline -0.002 -13"><span class='ocrx_word' id='word_1_301' title='bbox 279 3860 341 3912; x_wconf 88' lang='lat' dir='ltr'><strong>ad</strong></span> <span class='ocrx_word' id='word_1_302' title='bbox 380 3858 682 3912; x_wconf 87' lang='lat' dir='ltr'><strong>Oenothean</strong></span> <span class='ocrx_word' id='word_1_303' title='bbox 727 3858 1044 3910; x_wconf 78' lang='lat' dir='ltr'><strong>sacerdotem</strong></span> <span class='ocrx_word' id='word_1_304' title='bbox 1095 3858 1265 3923; x_wconf 85' lang='lat' dir='ltr'><strong>Priapi</strong></span> <span class='ocrx_word' id='word_1_305' title='bbox 1318 3857 1326 3923; x_wconf 88' lang='grc'>1</span> <span class='ocrx_word' id='word_1_306' title='bbox 1380 3857 1524 3907; x_wconf 76' lang='lat' dir='ltr'><strong>deest</strong></span> <span class='ocrx_word' id='word_1_307' title='bbox 1567 3856 1780 3909; x_wconf 86' lang='lat' dir='ltr'><strong>subleva</strong></span> <span class='ocrx_word' id='word_1_308' title='bbox 1830 3855 1914 3905; x_wconf 83' lang='lat' dir='ltr'><strong>vel</strong></span> <span class='ocrx_word' id='word_1_309' title='bbox 1957 3855 2130 3906; x_wconf 73' lang='lat' dir='ltr'><strong>simile</strong></span> <span class='ocrx_word' id='word_1_310' title='bbox 2169 3857 2438 3925; x_wconf 62' lang='lat' dir='ltr'><strong>verbumst</strong></span> 
     </span>
     <span class='ocr_line' id='line_1_41' title="bbox 283 3922 2437 3995; baseline -0.003 -13"><span class='ocrx_word' id='word_1_311' title='bbox 283 3931 342 3983; x_wconf 85' lang='lat'><strong>13</strong></span> <span class='ocrx_word' id='word_1_312' title='bbox 379 3926 618 3989; x_wconf 73' lang='lat' dir='ltr'><strong>fortasse</strong></span> <span class='ocrx_word' id='word_1_313' title='bbox 651 3925 903 3979; x_wconf 79' lang='lat' dir='ltr'><strong>medicare</strong></span> <span class='ocrx_word' id='word_1_314' title='bbox 940 3926 959 3995; x_wconf 88' lang='grc' dir='ltr'><strong>ΙΙ</strong></span> <span class='ocrx_word' id='word_1_315' title='bbox 1005 3930 1068 3979; x_wconf 88' lang='grc'><strong>14</strong></span> <span class='ocrx_word' id='word_1_316' title='bbox 1104 3924 1518 3978; x_wconf 85' lang='lat' dir='ltr'><strong>adulescentulus</strong></span> <span class='ocrx_word' id='word_1_317' title='bbox 1555 3929 1674 3977; x_wconf 87' lang='lat' dir='ltr'><strong>tuus</strong></span> <span class='ocrx_word' id='word_1_318' title='bbox 1710 3939 1912 3976; x_wconf 89' lang='lat' dir='ltr'><strong>mecum</strong></span> <span class='ocrx_word' id='word_1_319' title='bbox 1948 3922 2168 3975; x_wconf 84' lang='lat' dir='ltr'><strong>dormiat</strong></span> <span class='ocrx_word' id='word_1_320' title='bbox 2204 3923 2255 3974; x_wconf 91' lang='lat' dir='ltr'><strong>ni</strong></span> <span class='ocrx_word' id='word_1_321' title='bbox 2290 3924 2437 3975; x_wconf 92' lang='lat' dir='ltr'><strong>illum</strong></span> 
     </span>
     <span class='ocr_line' id='line_1_42' title="bbox 281 3991 2438 4062; baseline -0.003 -13"><span class='ocrx_word' id='word_1_322' title='bbox 281 3997 667 4062; x_wconf 66' lang='lat' dir='ltr'><strong>Scaliger-anus</strong></span> <span class='ocrx_word' id='word_1_323' title='bbox 692 3994 712 4061; x_wconf 82' lang='grc' dir='ltr'><strong>ΙΙ</strong></span> <span class='ocrx_word' id='word_1_324' title='bbox 739 3997 798 4048; x_wconf 84' lang='grc'><strong>17</strong></span> <span class='ocrx_word' id='word_1_325' title='bbox 838 3995 1074 4061; x_wconf 78' lang='lat' dir='ltr'><strong>Spissatis</strong></span> <span class='ocrx_word' id='word_1_326' title='bbox 1102 3995 1143 4045; x_wconf 90' lang='lat'><em>0</em></span> <span class='ocrx_word' id='word_1_327' title='bbox 1168 3993 1187 4061; x_wconf 81' lang='grc' dir='ltr'><strong>ΙΙ</strong></span> <span class='ocrx_word' id='word_1_328' title='bbox 1213 3995 1276 4045; x_wconf 83' lang='grc'><strong>22</strong></span> <span class='ocrx_word' id='word_1_329' title='bbox 1313 3992 1492 4045; x_wconf 90' lang='lat' dir='ltr'><strong>leones</strong></span> <span class='ocrx_word' id='word_1_330' title='bbox 1518 3992 1562 4045; x_wconf 89' lang='lat' dir='ltr'><em>L</em></span> <span class='ocrx_word' id='word_1_331' title='bbox 1584 3992 1604 4061; x_wconf 76' lang='grc' dir='ltr'><strong>ῙΙ</strong></span> <span class='ocrx_word' id='word_1_332' title='bbox 1633 3996 1695 4046; x_wconf 83' lang='lat'><strong>27</strong></span> <span class='ocrx_word' id='word_1_333' title='bbox 1724 3991 2067 4060; x_wconf 87' lang='lat' dir='ltr'><strong>Phoebeaque</strong></span> <span class='ocrx_word' id='word_1_334' title='bbox 2092 3991 2137 4041; x_wconf 89' lang='lat' dir='ltr'><em>L</em></span> <span class='ocrx_word' id='word_1_335' title='bbox 2161 3994 2179 4056; x_wconf 91' lang='grc' dir='ltr'><strong>ΙΙ</strong></span> <span class='ocrx_word' id='word_1_336' title='bbox 2209 3994 2274 4045; x_wconf 85' lang='grc'><strong>29</strong></span> <span class='ocrx_word' id='word_1_337' title='bbox 2298 3993 2438 4044; x_wconf 86' lang='lat' dir='ltr'><strong>valet</strong></span> 
     </span>
     <span class='ocr_line' id='line_1_43' title="bbox 284 4058 2438 4130; baseline -0.004 -12"><span class='ocrx_word' id='word_1_338' title='bbox 284 4066 525 4119; x_wconf 71' lang='lat' dir='ltr'><strong>Welzlius</strong></span> <span class='ocrx_word' id='word_1_339' title='bbox 553 4065 572 4130; x_wconf 76' lang='lat' dir='ltr'>ss</span> <span class='ocrx_word' id='word_1_340' title='bbox 597 4064 662 4115; x_wconf 89' lang='grc'><strong>30</strong></span> <span class='ocrx_word' id='word_1_341' title='bbox 699 4066 752 4113; x_wconf 84' lang='lat' dir='ltr'><strong>et</strong></span> <span class='ocrx_word' id='word_1_342' title='bbox 786 4065 848 4115; x_wconf 87' lang='lat'><strong>31</strong></span> <span class='ocrx_word' id='word_1_343' title='bbox 886 4061 1116 4124; x_wconf 77' lang='lat' dir='ltr'><strong>fortasse</strong></span> <span class='ocrx_word' id='word_1_344' title='bbox 1152 4062 1352 4129; x_wconf 81' lang='lat' dir='ltr'><strong>gurgite</strong></span> <span class='ocrx_word' id='word_1_345' title='bbox 1389 4063 1533 4128; x_wconf 83' lang='lat' dir='ltr'><strong>ponti</strong></span> <span class='ocrx_word' id='word_1_346' title='bbox 1570 4066 1623 4113; x_wconf 83' lang='lat' dir='ltr'><strong>et</strong></span> <span class='ocrx_word' id='word_1_347' title='bbox 1656 4062 1836 4113; x_wconf 84' lang='lat' dir='ltr'><strong>sistam</strong></span> <span class='ocrx_word' id='word_1_348' title='bbox 1871 4062 1891 4127; x_wconf 75' lang='lat' dir='ltr'><strong>fl</strong></span> <span class='ocrx_word' id='word_1_349' title='bbox 1920 4063 1984 4113; x_wconf 86' lang='lat'><strong>35</strong></span> <span class='ocrx_word' id='word_1_350' title='bbox 2020 4077 2061 4111; x_wconf 74' lang='lat' dir='ltr'><strong>s.</strong></span> <span class='ocrx_word' id='word_1_351' title='bbox 2099 4062 2198 4111; x_wconf 74' lang='lat' dir='ltr'><strong>hoe</strong></span> <span class='ocrx_word' id='word_1_352' title='bbox 2230 4058 2438 4121; x_wconf 78' lang='lat' dir='ltr'><strong>frustu-</strong></span> 
     </span>
    </p>
   </div>
  </div>
 </body>
</html>
