2881 4580
1201 288 1481 342 SATIRAE
2325 285 2405 347 29

189 470 245 521 Η
254 460 588 522 corneolus
617 460 749 534 fuit,
780 468 1026 522 aetatem
1056 458 1212 522 bene
1242 463 1485 535 ferebat,
1518 462 1689 541 niger
1719 471 1997 541 tanquam
2021 480 2250 525 corvus.
2298 481 2411 524 no-

253 564 459 626 veram
494 546 829 606 hominem:
868 546 1004 607 olim
1035 547 1287 608 oliorum
1320 556 1380 607 et
1408 548 1600 609 adhuc
1628 548 1785 609 salax
1814 557 1957 609 erat.
2018 566 2141 608 non
2174 546 2410 608 meher-

262 631 427 693 cules
474 631 642 691 illum
687 639 832 710 puto
863 631 923 693 in
955 633 1129 693 domo
1162 650 1367 694 canem
1412 632 1739 711 reliquisse.
1798 634 1979 694 immo
2009 632 2180 694 etiam
2218 632 2409 712 pulla-

262 717 390 778 rius
420 724 570 788 erat,
602 716 799 777 omnis
826 716 1123 778 minervae
1151 718 1349 779 homo.
1396 736 1509 779 nec
1541 718 1812 797 improbo
1830 736 1848 793 3
1879 716 1994 779 boc
2023 718 2214 779 solum
2248 718 2407 779 enim

188 814 220 862 5
262 820 466 864 secum
501 792 684 861 tulit’.

438 887 588 947 haec
617 884 881 947 Phileros
909 887 1084 961 dixit,
1114 887 1211 948 illa
1243 887 1642 967 Ganymedes:
1688 894 1704 922 ‘
1723 888 1972 949 narratis
2003 888 2159 967 quod
2195 907 2305 950 nec
2333 888 2406 949 ad
2426 889 2510 948 44

268 971 500 1033 caelum
533 989 646 1032 nec
676 971 746 1031 ad
777 981 991 1032 terram
1025 973 1314 1052 pertinet,
1359 991 1493 1033 cum
1540 973 1780 1035 interim
1817 992 1992 1035 nemo
2024 982 2221 1046 curat,
2266 973 2408 1053 quid

269 1074 512 1117 annona
558 1055 807 1117 mordet.
867 1074 990 1118 non
1036 1057 1402 1119 mehercules
1444 1057 1621 1118 hodie
1664 1057 1911 1121 buccam
1942 1059 2112 1138 panis
2142 1059 2409 1120 invenire

268 1141 458 1221 potui.
520 1150 579 1202 et
614 1141 911 1219 quomodo
941 1142 1170 1203 siccitas
1199 1152 1552 1221 perseverat.
1608 1142 1723 1204 iam
1755 1161 1976 1205 annum
2006 1143 2250 1205 esuritio
2282 1144 2409 1205 fuit.

165 1237 226 1291 10
270 1226 490 1288 aediles
513 1226 660 1286 male
683 1227 930 1299 eveniat,
962 1227 1063 1305 qui
1087 1245 1223 1288 cum
1244 1227 1569 1306 pistoribus
1591 1228 1896 1291 colludunt
1914 1234 2117 1290 “serva
2140 1248 2254 1302 me,
2285 1248 2410 1290 ser-

269 1310 422 1371 vabo
446 1310 559 1372 te'².
591 1311 788 1389 itaque
812 1312 1069 1391 populus
1092 1312 1354 1373 minutus
1376 1311 1635 1385 laborat;
1660 1331 1797 1373 nam
1813 1313 1907 1375 isti
1929 1315 2183 1375 maiores
2205 1314 2411 1375 maxil-

271 1397 364 1456 lae
408 1414 642 1475 semper
671 1396 1000 1457 Saturnalia
1043 1407 1245 1475 agunt.
1306 1417 1341 1457 o
1372 1398 1423 1458 si
1453 1396 1803 1458 haberemus
1832 1398 1963 1459 illos
1992 1399 2228 1471 leones,
2261 1417 2412 1477 quos

274 1500 387 1560 ego
416 1482 512 1542 hic
543 1480 768 1554 inveni,
802 1499 934 1542 cum
966 1482 1224 1561 primum
1254 1501 1325 1543 ex
1354 1482 1487 1543 Asia
1518 1483 1671 1543 veni.
1731 1482 1873 1544 illud
1905 1492 2033 1543 erat
2061 1483 2271 1544 vivere.
2330 1483 2411 1544 si-

272 1566 434 1627 milia
464 1566 646 1627 sicilia
676 1566 991 1628 interiores
1037 1577 1095 1627 et
1138 1566 1331 1629 laruas
1373 1567 1459 1629 sic
1490 1568 1635 1629 istos
1663 1568 2156 1649 percolopahant,
2203 1577 2269 1629 ut
2296 1568 2410 1630 illis

166 1663 228 1714 15
270 1651 498 1731 Iupiter
541 1650 722 1712 iratus
765 1661 936 1713 esset.
997 1648 1147 1735 [sed]
1181 1652 1423 1714 memini
1455 1653 1767 1713 Safinium:
1812 1662 1956 1714 tunc
2001 1652 2299 1714 habitabat
2339 1653 2411 1714 ad

274 1754 479 1797 arcum
510 1745 783 1811 veterem,
814 1755 909 1797 me
940 1755 1144 1815 puero,
1177 1738 1362 1817 piper,
1396 1757 1519 1798 non
1553 1738 1747 1799 homo.
1808 1739 1856 1799 is
1886 1757 2241 1817 quacunque
2270 1738 2411 1813 ibat,

273 1831 492 1883 terram
525 1821 825 1884 adurebat.
877 1822 981 1883 sed
1010 1831 1225 1896 rectus,
1255 1825 1357 1884 sed
1390 1832 1606 1897 certus,
1637 1824 1858 1886 amicus
1886 1824 2094 1898 amico,
2126 1843 2261 1885 cum
2292 1842 2412 1902 quo

275 1907 555 1968 audacter
597 1925 803 1985 posses
845 1907 906 1970 in
952 1907 1216 1969 tenebris
1258 1908 1497 1982 micare,
1556 1908 1617 1968 in
1664 1908 1824 1970 curia
1870 1917 2064 1970 autem
2112 1909 2411 1988 quomodo

273 1992 544 2071 singulos
573 1986 707 2076 [vel]
737 1991 957 2071 pilabat
977 1988 1332 2076 [tractabat],
1365 2012 1479 2054 nec
1507 1995 1773 2054 schemas
1801 1993 2154 2072 loquebatur
2184 1995 2284 2056 sed
2309 1996 2413 2055 de·

170 2087 232 2139 20
275 2087 524 2139 rectum.
585 2094 717 2137 cum
767 2085 966 2155 ageret
999 2096 1178 2156 porro
1208 2078 1267 2138 in
1302 2080 1467 2151 foro,
1513 2078 1596 2140 sic
1626 2078 1782 2140 illius
1813 2098 1922 2139 vox
1953 2078 2253 2140 crescebat
2282 2088 2415 2140 tan-

276 2181 453 2242 quam
498 2161 656 2222 tuba.
718 2180 829 2223 nec
872 2161 1101 2224 sudavit
1142 2181 1402 2240 unquam
1450 2182 1562 2223 nec
1592 2164 1822 2242 expuit,
1868 2174 2013 2242 puto
2046 2182 2180 2225 eum
2214 2164 2415 2226 nescio

276 2247 420 2327 quid
465 2246 690 2310 Asiadis
746 2247 1039 2309 habuisse.
1099 2256 1159 2308 et
1201 2265 1376 2326 quam
1421 2247 1719 2327 benignus
1761 2248 2113 2322 resalutare,
2175 2250 2417 2310 nomina

277 2333 546 2395 omnium
591 2333 872 2406 reddere,
917 2341 1194 2411 tanquam
1240 2351 1397 2395 unus
1434 2335 1509 2393 de
1542 2333 1729 2394 nobis.
1791 2334 1987 2412 itaque
2018 2334 2118 2394 illo
2150 2342 2418 2412 tempore

280 2437 520 2480 annona
552 2436 661 2497 pro
692 2417 817 2477 luto
848 2428 990 2479 erat.
1049 2436 1176 2479 asse
1207 2436 1419 2497 panem
1454 2436 1627 2497 quem
1660 2417 1932 2492 emisseS,
1973 2437 2094 2479 non
2127 2419 2421 2498 potuisses

171 2513 236 2563 25
279 2522 416 2565 cum
463 2503 646 2564 altero
693 2504 988 2564 devorare.
1048 2521 1211 2564 nunc
1256 2503 1493 2564 oculum
1525 2502 1768 2563 bublum
1796 2503 1913 2564 vidi
1943 2504 2242 2565 maiorem.
2302 2504 2419 2565 beu

277 2590 429 2662 heu,
476 2587 738 2666 quotidie
783 2589 969 2667 peius.
1029 2589 1171 2649 haec
1217 2587 1449 2649 colonia
1495 2599 1860 2650 retroversus
1891 2589 2105 2650 crescit
2138 2598 2420 2667 tanquam

281 2675 427 2735 coda
471 2673 653 2733 vituli.
713 2675 813 2734 sed
861 2690 1041 2751 quare
1088 2692 1198 2734 nos
1243 2673 1526 2734 habemus
1569 2673 1812 2734 aedilem
1843 2673 2021 2735 trium
2054 2674 2420 2748 cauniarum,

280 2760 383 2839 qui
428 2758 540 2820 sibi
584 2757 804 2819 mavult
844 2776 1033 2819 assem
1078 2776 1250 2837 quam
1296 2759 1472 2819 vitam
1514 2757 1816 2820 nostram?
1861 2759 2060 2838 itaque
2089 2759 2250 2821 domi
2279 2777 2423 2838 gau-

281 2846 399 2917 det,
429 2843 565 2923 plus
595 2843 656 2903 in
689 2842 782 2904 die
814 2861 1189 2905 nummorum
1220 2843 1451 2923 accipit,
1482 2861 1658 2921 quam
1689 2843 1836 2905 alter
1866 2844 2286 2923 patrimonium
2317 2844 2423 2905 ha-

179 2938 240 2998 3⁰
280 2929 400 2990 bet.
462 2927 577 2988 iam
607 2929 761 2998 scio,
800 2929 961 2990 unde
991 2928 1287 3006 acceperit
1314 2929 1588 2989 denarios
1618 2928 1777 2988 mille
1807 2946 2038 2992 aureos,
2099 2930 2201 2991 sed
2233 2930 2282 2991 si
2314 2948 2426 2991 nos

284 3014 482 3075 coleos
526 3012 909 3088 haberemus,
958 3031 1079 3073 non
1112 3020 1342 3073 tantum
1380 3012 1493 3074 sibi
1524 3012 1799 3092 placeret.
1855 3033 2021 3075 nunc
2048 3015 2309 3094 populus
2338 3024 2428 3078 est

285 3099 443 3160 domi
471 3098 699 3170 leones,
730 3099 887 3159 foras
918 3099 1135 3177 vulpes.
1182 3098 1340 3176 quod
1371 3098 1444 3158 ad
1474 3116 1568 3158 me
1597 3098 1825 3173 attinet,
1854 3099 1969 3159 iam
1999 3118 2232 3179 pannos
2260 3118 2428 3162 meos

286 3184 550 3256 comedi,
599 3192 658 3243 et
699 3183 747 3243 si
794 3192 1126 3263 perseverat
1170 3183 1314 3244 haec
1359 3202 1626 3256 annona,
1691 3183 1914 3245 casulas
1955 3202 2116 3245 meas
2159 3186 2428 3245 vendam.

287 3270 429 3349 quid
459 3269 620 3330 enim
652 3269 916 3328 futurum
947 3277 1063 3340 est,
1106 3267 1157 3329 si
1203 3286 1316 3329 nec
1345 3268 1425 3330 dii
1472 3287 1584 3329 nec
1626 3268 1901 3329 homines
1943 3269 2118 3329 huius
2161 3268 2428 3330 coloniae

183 3362 244 3411 35
285 3350 687 3416 miserentur?
732 3353 811 3413 ita
839 3371 1004 3415 meos
1033 3353 1358 3428 fruniscar,
1408 3364 1474 3413 ut
1502 3371 1610 3431 ego
1642 3364 1787 3432 puto
1819 3354 2017 3414 omnia
2047 3353 2141 3413 illa
2173 3372 2206 3413 a
2235 3353 2431 3415 diibus

185 3439 438 3501 HLfieri.
477 3440 488 3514 Ι
529 3455 703 3498 nemo
735 3438 892 3498 enim
924 3437 1149 3498 caelum
1182 3438 1407 3498 caelum
1440 3446 1639 3517 putat,
1687 3455 1863 3499 nemo
1894 3438 2177 3498 ieiunium
2223 3447 2429 3512 servat,

289 3542 468 3585 nemo
501 3522 698 3583 lovem
728 3522 832 3600 pili
860 3522 1030 3595 facit,
1063 3522 1164 3583 sed
1198 3541 1406 3584 omnes
1452 3523 1672 3601 opertis
1718 3523 1903 3584 oculis
1947 3522 2103 3583 bona
2133 3541 2236 3584 sua
2268 3542 2432 3585 com-

226 3622 278 3671 H
289 3617 522 3689 putant.
562 3605 572 3688 Ι
612 3615 778 3667 antea
811 3607 1052 3668 stolatae
1082 3607 1249 3668 ibant
1282 3608 1453 3668 nudis
1481 3608 1731 3687 pedihus
1761 3608 1820 3667 in
1855 3607 2087 3682 clivum,
2117 3609 2304 3688 passis
2334 3628 2433 3670 ca-

288 3693 468 3773 pillis,
498 3691 798 3754 mentibus
829 3693 1024 3772 puris,
1057 3701 1116 3753 et
1143 3692 1337 3754 Iovem
1368 3711 1581 3772 aquam
1612 3692 1952 3753 exorabant.
2015 3694 2210 3772 itaque
2239 3694 2435 3757 statim

465 3846 496 3896 2
521 3842 848 3894 mulierosum
869 3843 1132 3905 Heinsius,
1157 3841 1362 3893 molitor
1386 3842 1653 3893 mulierum
1680 3857 1776 3907 ego
1796 3846 1999 3894 conieci
2025 3845 2043 3908 ss
2069 3847 2098 3897 3
2118 3845 2394 3910 puellarius
2418 3846 2441 3912 fl

291 3915 323 3964 9
361 3912 533 3963 esurio
568 3910 587 3977 fl
628 3912 690 3962 13
742 3915 993 3976 temptam·
1039 3909 1201 3961 simila
1254 3910 1295 3961 si
1339 3909 1543 3975 siligine
1588 3910 1797 3962 inferior
1832 3911 2013 3978 essetss
2042 3914 2104 3966 19
2141 3912 2382 3964 dilectum
2415 3920 2433 3978 n

293 3983 351 4032 21
402 3984 532 4046 puto
582 3978 715 4030 enim
752 3979 770 4037 {l
805 3981 868 4031 22
918 3981 1120 4030 conieci
1170 3978 1371 4043 apathis
1408 3978 1427 4044 ΙΙ
1465 3980 1526 4030 27
1579 3993 1678 4030 non
1729 3979 1971 4031 habemus
2010 3985 2018 4046 Ι
2056 3980 2288 4040 fortasse
2333 3995 2436 4032 non

292 4050 444 4100 trium
471 4046 492 4114 ΙΙ
517 4048 585 4098 34
622 4046 731 4098 eius
756 4045 775 4113 ΙΙ
802 4048 865 4100 35
902 4046 991 4098 illa
1028 4045 1278 4098 aedilibus
1313 4044 1420 4098 fleri
1450 4044 1469 4112 ΙΙ
1495 4048 1559 4098 37
1596 4046 1754 4113 pluris
1791 4047 1916 4099 facit
1953 4047 1997 4097 L
