2881 4580
1195 308 1476 363 PRIAPEA

1227 481 1410 543 XVIII
1418 482 1439 542 Ι

485 586 594 648 Hic
626 585 861 665 quando
893 584 1206 646 Telethusa
1238 584 1594 660 circulatrix,

489 689 638 751 quae
670 671 906 733 clunem
937 670 1137 732 tunica
1168 678 1409 749 tegente
1440 670 1599 734 nulla

487 757 636 818 extis
667 756 861 836 aptius
890 755 1182 834 altiusque
1213 755 1409 827 movit,

486 842 728 903 crisabit
754 839 863 903 tibi
892 840 1215 903 fluctuante
1244 837 1491 901 lumbo?

375 948 380 952 ·
488 928 632 988 haec
663 927 749 989 sic
782 945 903 987 non
936 925 1113 987 modo
1145 934 1225 999 te,
1259 925 1490 1005 Priape,
1522 934 1741 1006 posset,

482 1013 818 1092 privignum
850 1029 1089 1090 quoque
1120 1012 1220 1072 sed
1254 1028 1491 1071 movere
1522 1011 1837 1072 Phaedrae.

1287 1162 1395 1224 XX

493 1266 764 1327 Fulmina
794 1265 906 1328 sub
938 1265 1073 1326 Iove
1103 1273 1263 1340 sunt,
1292 1265 1555 1344 Neptuni
1586 1265 1813 1328 fuscina
1845 1264 2048 1338 telum,

572 1370 715 1413 ense
746 1360 960 1432 potens
989 1350 1144 1411 Mars
1173 1360 1281 1424 est,
1314 1350 1497 1422 hasta,
1530 1350 1811 1423 Minerva,
1845 1358 1945 1411 tua
1977 1358 2086 1420 est,

495 1434 770 1498 sutilibus
799 1435 981 1497 Liber
1009 1435 1323 1498 committit
1352 1435 1578 1515 proelia
1607 1436 1842 1516 thyrsiS,

574 1523 763 1583 fertur
791 1521 1098 1601 Apollinea
1130 1522 1306 1583 missa
1336 1520 1545 1598 sagitta
1575 1539 1775 1594 manu,

496 1606 768 1669 Herculis
797 1615 1017 1673 armata
1049 1614 1138 1667 est
1166 1606 1378 1667 invicta
1409 1605 1647 1667 dextera
1679 1606 1870 1667 clava:

574 1700 631 1753 at
661 1710 755 1754 me
786 1691 1109 1754 terribilem
1140 1691 1406 1752 mentula
1431 1699 1595 1753 tenta
1625 1690 1782 1754 facit.

1277 1842 1409 1903 XXI

500 1946 680 2026 Copia
711 1963 807 2006 me
840 1944 1065 2026 perdit:
1094 1955 1162 2006 tu
1191 1945 1373 2006 suffra
1384 1962 1526 2024 gare
1555 1954 1798 2025 rogatus

578 2030 796 2092 indicio
827 2048 940 2091 nec
967 2049 1064 2092 me
1094 2031 1300 2110 prode,
1327 2030 1557 2110 Priape,
1587 2040 1713 2105 tuo,

499 2134 768 2196 quaeque
797 2113 906 2176 tibi
935 2116 1107 2195 posui
1137 2126 1418 2195 tanquam
1450 2116 1762 2178 vernacula
1793 2132 1986 2196 poma,

580 2201 653 2262 de
684 2218 848 2262 sacra
881 2200 1027 2261 nulli
1057 2199 1274 2274 dixeris
1304 2218 1431 2262 esse
1462 2199 1570 2260 via.
1596 2278 1600 2282 ι

1267 2353 1426 2414 XXII

507 2455 747 2517 Femina
777 2455 829 2517 si
858 2457 1081 2516 furtum
1112 2456 1290 2528 faciet
1318 2455 1463 2517 mihi
1494 2454 1653 2516 virve
1683 2472 1921 2535 puerve,

583 2541 729 2603 haec
762 2559 1051 2614 cunnum,
1081 2541 1388 2636 caput-hic
1416 2539 1719 2620 praebeat,
1750 2540 1847 2601 ille
1874 2547 2059 2601 nates.

1257 2692 1446 2754 XXIII

506 2795 861 2874 Quicunque
891 2795 988 2856 hic
1020 2794 1233 2857 violam
1265 2813 1532 2856 rosamve
1565 2802 1768 2875 carpet

505 2880 856 2941 furtivumve
884 2880 1056 2942 holus
1085 2891 1187 2941 aut
1216 2881 1478 2961 inempta
1510 2898 1703 2960 poma,

508 2964 772 3027 defectus
802 2983 1113 3045 pueroque
1144 2966 1483 3045 feminaque

507 3051 616 3111 hac
646 3050 954 3130 tentigine,
986 3068 1163 3129 quam
1191 3051 1397 3112 videtis
1425 3051 1489 3112 in
1521 3067 1633 3124 me,

508 3144 836 3216 rumpatur,
866 3153 1100 3216 precor,
1133 3154 1320 3215 usque
1348 3135 1731 3214 mentulaque

486 3221 874 3300 ⁸nequiquam
905 3219 1016 3283 sibi
1045 3221 1241 3301 pulset
1272 3219 1619 3282 umbilicum
1732 3293 1735 3296 Α

1248 3371 1465 3434 'XXIIII

514 3474 625 3536 Hic
655 3493 751 3536 me
785 3474 1089 3536 custodem
1119 3474 1359 3535 fecundi
1389 3474 1597 3536 vilicus
1626 3472 1782 3534 horti
1870 3528 1877 3535 .

588 3558 850 3622 mandati
883 3576 1083 3620 curam
1113 3559 1280 3620 iussit
1309 3559 1530 3621 habere
1560 3558 1695 3620 loci.

513 3646 613 3706 fur
639 3643 858 3707 habeas
888 3662 1159 3725 poenam,
1190 3644 1328 3706 licet
1357 3640 2045 3724 indignere-‘feram’que

590 3727 857 3810 ‘propter
885 3728 1074 3792 holus'
1107 3730 1265 3791 dicas
1296 3729 1430 3791 ‘hoc
1462 3747 1572 3808 ego
1587 3724 1636 3788 ‘2’
1683 3732 1950 3808 ‘propter
1979 3727 2190 3789 holus'.

2280 310 2405 368 141

456 3945 630 3999 XVIIII
668 3950 692 3999 1
735 3947 1002 4015 ecquando
1038 3947 1286 4012 Scaliger
1330 3946 1342 4014 Ι
1391 3950 1421 4001 3
1458 3946 1618 3998 satius
1654 3946 1909 4014 altiusque
1942 3949 2119 3998 movet
2157 3946 2165 4011 Ι
2196 3947 2227 3997 5
2262 3944 2359 3997 hec
2395 3944 2438 3996 si

287 4020 387 4066 aut
421 4016 637 4066 tantum·
669 4015 745 4068 sic
782 4016 940 4067 libri.-
974 4016 1048 4068 sic
1083 4019 1140 4068 ut
1175 4014 1331 4081 volgo
1354 4015 1376 4084 fl
1401 4015 1516 4068 XXI
1541 4017 1571 4068 2
1607 4030 1703 4067 nec
1738 4029 1833 4067 nos
1857 4015 1958 4066 alii
1982 4013 2003 4082 ΙΙ
2025 4013 2159 4065 XXII
2198 4016 2220 4066 1
2260 4014 2439 4080 virque

291 4097 516 4151 puerque
