2881 4580
496 290 524 345 1
540 285 615 344 12
1420 284 1726 338 PETRONII

1462 474 1672 536 XVllll

677 597 1046 659 Terentianus
1077 592 1324 656 Maurus
1354 594 1419 654 de
1448 599 1644 656 metris

989 678 1297 739 Horatium
1328 679 1590 741 videmus

985 782 1190 825 versus
1218 763 1445 825 tenoris
1475 765 1651 827 huius

986 867 1275 927 nusquam
1306 850 1529 910 locasse
1559 850 1743 927 iugeS,

984 943 1044 994 at
1071 934 1307 995 Arbiter
1336 934 1590 996 disertus

790 1030 903 1081 2490
986 1018 1152 1080 libris
1181 1020 1302 1080 suis
1331 1020 1689 1098 frequentat.

993 1122 1314 1182 agnoscere
1345 1105 1490 1166 haec
1522 1106 1786 1184 potestiS‚

984 1197 1222 1250 cantare
1254 1208 1402 1269 quae
1432 1191 1720 1252 solemus:

987 1274 1416 1354 ‘Memphitides
1448 1275 1676 1354 puellae

987 1361 1169 1421 sacris
1193 1360 1369 1421 deum
1401 1370 1653 1439 paratae.

790 1455 904 1505 2495
991 1445 1210 1506 tinctus
1241 1445 1440 1506 colore
1474 1447 1664 1507 noctis

991 1548 1173 1591 manu
1205 1549 1355 1610 puer
1385 1531 1637 1610 loquaci’

669 1614 898 1677 Marius
927 1612 1249 1677 Victorinus
1281 1614 1380 1678 111
1404 1611 1488 1677 17
1519 1618 1605 1694 (in
1635 1614 1816 1678 Keilii
1841 1617 2237 1695 yramnaticis
2276 1612 2357 1674 VI
2373 1635 2436 1696 p.
2473 1611 2658 1695 138).-

503 1703 678 1764 huius
701 1699 928 1761 tenoris
950 1717 1018 1759 ac
1044 1701 1266 1760 formae
1293 1701 1579 1780 quosdam
1599 1719 1803 1763 versus
1825 1710 2033 1780 poetas
2055 1699 2268 1780 lyricos
2291 1700 2656 1763 carminibus

496 1787 618 1847 suis
648 1784 928 1846 indidisse
960 1785 1360 1864 cognovimus,
1392 1794 1460 1847 ut
1489 1796 1547 1846 et
1576 1787 1731 1866 apud
1763 1785 2068 1847 Arbitrum
2099 1785 2454 1860 invenimus,
2487 1788 2659 1848 cuius

495 1871 828 1949 exemplum

989 1953 1420 2034 ‘Memphitides
1452 1955 1682 2034 puellae

989 2039 1170 2100 sacris
1200 2039 1375 2100 deum
1406 2039 1681 2120 paratae’.

498 2126 637 2187 item
993 2124 1234 2185 ‘tinctus
1265 2125 1465 2186 colore
1502 2125 1691 2186 noctis

987 2210 1299 2290 Aegyptias
1330 2210 1595 2272 choreas'

1523 2414 1626 2474 XX

680 2534 1055 2597 Terentianus
1099 2532 1346 2595 Maurus
1389 2534 1456 2594 de
1496 2536 1722 2594 metris:

989 2636 1153 2678 nunc
1183 2617 1407 2692 divisio,
1442 2635 1614 2697 quam
1646 2618 1980 2697 loquemur,
2012 2617 2147 2680 edet

793 2713 907 2764 2850
993 2711 1244 2763 metrum
1276 2721 1395 2780 quo
1427 2712 1760 2764 memorant
1789 2704 2161 2765 Anacreonta

988 2786 1191 2849 dulces
1221 2788 1623 2868 composuisse
1654 2787 1996 2849 cantilenas.

988 2871 1101 2931 hoc
1133 2872 1449 2934 Petronius
1479 2873 1780 2934 invenitur
1809 2892 1970 2947 usus,

989 2956 1171 3018 Musis
1203 2976 1339 3018 cum
1370 2957 1616 3038 lyricum
1647 2959 1829 3020 refert
1859 2959 2111 3019 eundem

988 3043 1377 3103 consonantia
1406 3044 1582 3104 verba
1613 3044 1944 3118 cantitasse‚

791 3136 904 3188 2855
989 3135 1048 3187 et
1077 3127 1278 3206 plures
1306 3128 1419 3188 alii.
1479 3128 1582 3189 sed
1614 3128 1723 3190 iste
1752 3146 1954 3191 versus

990 3212 1147 3291 quali
1178 3213 1540 3293 compositus
1568 3222 1729 3275 tome
1761 3214 1853 3290 sit,
1888 3214 2072 3275 edam.

990 3297 1288 3359 ‘iuverunt
1318 3308 1546 3378 segetes
1575 3317 1771 3360 meum
1801 3296 2105 3360 laborem.'

990 3382 1302 3444 ‘iuverunt’
1335 3392 1513 3463 caput
1542 3394 1630 3445 est
1658 3385 1714 3446 id
1747 3384 2071 3445 hexametri
2099 3418 2184 3428 —

794 3478 906 3531 2861
994 3468 1152 3547 quod
1184 3476 1363 3530 restat
1393 3475 1641 3548 ‘segetes
1670 3488 1866 3531 meum
1899 3469 2196 3531 laborem'.

989 3555 1103 3614 tale
1132 3562 1222 3615 est
1250 3572 1360 3615 ceu
1393 3554 1630 3634 ‘triplici
1657 3554 1816 3617 vides
1846 3563 1910 3617 ut
1940 3564 2076 3616 ortu

990 3638 1219 3700 Triviae
1249 3648 1481 3701 rotetur
1510 3640 1664 3719 ignis

989 3724 1337 3803 volucrique
1370 3724 1645 3786 Phoebus
1675 3742 1780 3785 axe

797 3816 910 3867 2865
1000 3809 1266 3889 rapidum
1300 3819 1569 3889 pererret
1598 3809 1824 3871 orbem'

670 3924 802 3976 2862
839 3922 1026 3989 triplici
1064 3930 1116 3976 et
1148 3942 1283 3991 quae
1305 3933 1560 3978 secuntur
1575 3928 1815 3978 ‘Arbiter
1833 3927 2126 3979 Satiricon'
2148 3928 2425 3993 scripsisse
2449 3926 2653 3978 dieitur

499 3994 767 4055 expressis
798 3993 975 4042 verbis
1009 4009 1042 4043 a
1082 3995 1361 4045 Victorino
1397 3996 1483 4046 IV
1510 3997 1541 4046 1
1568 4011 1627 4060 p.
1664 3994 1764 4047 153
1799 3994 1856 4046 K.

675 4060 806 4112 2865
843 4059 1050 4111 rutilum
1087 4061 1304 4112 Mallius
1346 4062 1652 4114 Theodorus
1683 4065 1718 4115 5
1745 4078 1803 4128 p.
1838 4063 1941 4115 593
1976 4063 2034 4116 K.
