2881 4580
1208 279 1490 334 SATlRAE
2340 284 2422 343 65

190 460 237 511 L
261 453 585 527 attonitus,
646 462 1005 532 secutusque
1063 452 1359 515 labentem
1403 454 1610 515 eodem
1656 456 2016 517 ferramento
2061 456 2130 517 ad
2176 466 2427 519 mortem

260 540 413 599 viam
464 556 710 617 quaero.
771 538 871 600 sed
906 557 1104 617 neque
1135 539 1311 600 Giton
1344 539 1461 601 ulla
1494 549 1621 601 erat
1647 541 1984 620 suspicione
2016 542 2275 604 vulneris
2305 545 2425 605 lae-

261 644 398 695 sus,
446 642 644 702 neque
681 642 793 702 ego
824 624 1011 684 ullum
1039 624 1366 686 sentiebam
1398 625 1684 686 dolorem.
1756 626 1921 688 rudis
1950 628 2108 689 enim
2141 630 2428 690 novacula

265 718 325 771 et
369 710 431 770 in
479 710 593 770 hoc
623 718 851 784 retusa,
900 717 964 771 ut
990 710 1193 790 pueris
1223 709 1591 773 discentibus
1620 711 1918 772 audaciam
1946 716 2211 776 tonsoris
2239 714 2425 788 daret,

189 808 219 856 5
264 795 631 856 instruxerat
670 796 921 857 thecam.
981 795 1234 874 ideoque
1281 813 1393 856 nec
1435 797 1883 858 mercennarius
1927 798 1996 859 ad
2043 807 2292 898 raptum·
2307 801 2426 862 fer-

268 889 604 941 ramentum
665 889 1004 961 expaverat,
1062 899 1174 942 nec
1218 879 1547 961 Eumolpus
1605 883 2079 962 interpellaverat
2132 885 2427 946 mimicam

268 973 543 1026 mortem.

167 1065 259 1117 Lo
435 1048 447 1132 Ι
486 1051 626 1111 dum
670 1049 817 1110 haec
861 1049 1056 1111 fabula
1100 1051 1260 1112 inter
1302 1060 1567 1113 amantes
1610 1052 1863 1127 luditur,
1922 1054 2247 1116 deversitor
2290 1074 2425 1116 cum
2445 1056 2528 1118 95

270 1144 438 1216 parte
485 1136 734 1197 cenulae
780 1136 1129 1208 intervenit,
1174 1136 1728 1216 contemplatusque
1771 1139 2164 1202 foedissimam
2203 1141 2425 1202 voluta·

168 1231 224 1282 10
267 1222 495 1282 tionem
526 1221 845 1282 iacentium
878 1220 1064 1301 ‘rogo'
1095 1222 1291 1300 inquit
1318 1221 1487 1283 ‘ebrii
1519 1223 1675 1301 estis,
1703 1241 1775 1284 an
1810 1224 2054 1303 fugitivi,
2087 1244 2162 1286 an
2195 1235 2426 1287 utrum-

273 1304 434 1385 que?
480 1307 614 1386 quis
657 1316 855 1368 autem
899 1306 1208 1386 grabatum
1240 1307 1402 1368 illum
1449 1308 1665 1381 erexit,
1713 1318 1814 1370 aut
1844 1309 1984 1387 quid
2015 1310 2125 1371 sibi
2159 1311 2279 1371 vult
2307 1320 2428 1373 tam

271 1392 484 1452 furtiva
516 1390 787 1453 molitio?
828 1411 933 1453 vos
962 1392 1333 1454 mehercules
1364 1412 1440 1453 ne
1472 1392 1807 1455 mercedem
1837 1395 2017 1456 cellae
2050 1395 2296 1470 daretis,
2335 1398 2428 1457 fu·

271 1494 414 1556 gere
460 1486 638 1539 nocte
682 1477 743 1538 in
789 1477 1091 1557 publicum
1136 1478 1420 1540 voluistis.
1480 1478 1583 1540 sed
1630 1498 1753 1539 non
1800 1480 2062 1558 impune.
2122 1481 2236 1541 iam
2267 1482 2426 1542 enim

272 1564 406 1623 faxo
451 1563 653 1625 sciatis
679 1581 803 1624 non
837 1563 1044 1624 viduae
1073 1563 1229 1624 hanc
1259 1564 1513 1624 insulam
1544 1582 1672 1625 esse
1703 1565 1803 1626 sed
1837 1564 1913 1625 Μ.
1938 1563 2257 1627 Mannicii'.
2325 1587 2429 1629 ex-

172 1656 227 1708 15
269 1648 486 1710 clamat
513 1647 843 1729 Eumolpus
886 1649 1082 1710 ‘etiam
1126 1649 1371 1710 minaris
1385 1646 1434 1709 ‘I’
1500 1649 1794 1729 simulque
1840 1669 1906 1711 os
1950 1650 2207 1713 hominis
2236 1652 2426 1732 palma

271 1734 684 1795 excussissima
743 1734 956 1814 pulsat.
1016 1733 1112 1794 ille
1163 1743 1253 1795 tot
1295 1734 1595 1815 hospitum
1639 1736 1985 1815 potionibus
2028 1737 2278 1798 liberum
2324 1755 2427 1799 ur-

272 1819 510 1880 ceolum
539 1819 813 1880 fictilem
798 1839 859 1880 m
885 1818 1162 1898 Eumolpi
1187 1829 1366 1899 caput
1386 1821 1675 1883 iaculatus
1697 1829 1786 1883 est
1808 1822 2096 1900 solvitque
2120 1823 2428 1886 clamantis

271 1905 535 1965 frontem
581 1914 641 1965 et
682 1905 756 1966 de
788 1904 946 1965 cella
977 1924 1040 1965 se
1069 1905 1382 1985 proripuit.
1443 1905 1771 2004 Eumolpus
1815 1908 2255 1970 contumeliae
2240 1928 2428 1996 impa-

269 1991 430 2051 tiens
471 1991 627 2070 rapit
669 1990 933 2068 ligneum
975 1989 1398 2052 candelabrum
1442 1992 1829 2071 sequiturque
1857 1992 2176 2055 abeuntem
2209 2004 2268 2056 et
2297 2012 2428 2057 cre-

172 2084 228 2135 20
271 2075 549 2137 berrimis
591 2075 808 2136 ictibus
852 2075 1233 2155 supercilium
1279 2095 1455 2137 suum
1498 2077 1774 2139 vindicat.
1864 2080 1929 2138 fit
1972 2097 2302 2142 concursus
2348 2082 2431 2140 fa-

269 2160 464 2221 miliae
528 2161 947 2240 hospitumque
1002 2160 1303 2222 ebriorum
1364 2162 1720 2240 frequentia.
1809 2181 1919 2241 ego
1977 2174 2172 2227 autem
2221 2173 2430 2226 nactus

270 2246 646 2309 occasionem
700 2246 991 2309 vindictae
1036 2245 1392 2328 Eumolpum
1440 2248 1720 2320 excludo,
1767 2248 2111 2328 redditaque
2156 2249 2427 2312 scordalo

268 2332 397 2394 vice
428 2333 557 2394 sine
590 2332 821 2394 aemulo
851 2333 1076 2394 scilicet
1114 2343 1173 2394 et
1203 2332 1345 2393 cella
1378 2341 1515 2395 utor
1544 2342 1603 2393 et
1633 2342 1825 2394 nocte.

442 2418 680 2479 interim
739 2425 1008 2480 coctores
1065 2418 1451 2497 insulariique
1507 2418 1774 2478 mulcant
1831 2418 2134 2480 exclusum
2179 2425 2239 2478 et
2277 2418 2429 2481 'alius

170 2512 226 2562 25
269 2521 415 2563 veru
446 2504 594 2565 extis
623 2503 1009 2566 stridentibus
1041 2503 1287 2583 plenum
1317 2504 1377 2564 in
1413 2503 1618 2565 oculos
1641 2503 1768 2564 eius
1790 2503 2059 2578 intentat,
2093 2503 2239 2564 alius
2264 2505 2429 2566 furca

271 2590 346 2650 de
392 2590 664 2650 carnario
709 2598 875 2669 rapta
919 2597 1136 2651 statum
1167 2589 1515 2668 proeliantis
1545 2589 1870 2667 componit.
1932 2607 2082 2650 anus
2110 2589 2428 2668 praecipue

271 2673 452 2754 lippa,
483 2674 886 2736 sordidissimo
914 2674 1252 2753 praecincta
1282 2674 1490 2747 linteo,
1521 2675 1698 2736 soleis
1730 2674 1940 2752 ligneis
1970 2674 2294 2754 imparibus
2318 2675 2429 2735 im-

273 2759 499 2839 posita,
545 2777 753 2820 canem
785 2759 1047 2837 ingentis
1076 2760 1499 2839 magnitudinis
1530 2769 1737 2822 catena
1767 2761 1948 2821 trahit
1978 2760 2334 2840 instigatque
2367 2761 2426 2821 in

272 2844 635 2924 Eumolpon.
695 2846 795 2907 sed
839 2845 938 2906 ille
981 2845 1333 2906 candelabro
1379 2865 1444 2907 se
1476 2845 1550 2906 ab
1589 2847 1751 2907 omni
1781 2846 2047 2925 periculo
2079 2845 2428 2907 vindicabat.

170 2940 228 2990 30
270 2930 613 2992 videbamus
658 2949 769 2991 nos
814 2930 1013 2990 omnia
1036 2949 1147 3010 per
1177 2932 1445 2992 foramen
1478 2932 1694 3004 valvae,
1725 2932 1886 3010 quod
1915 2933 2090 3011 paulo
2121 2940 2259 2993 ante
2289 2950 2431 2993 ansa
2450 2939 2532 3001 96

275 3015 471 3076 ostioli
517 3024 689 3096 rupta
725 3016 1048 3088 laxaverat,
1093 3016 1474 3095 favebamque
1506 3036 1617 3096 ego
1646 3018 1963 3096 vapulanti.
2025 3017 2201 3078 Giton
2234 3027 2431 3079 autem

276 3120 403 3161 non
450 3100 670 3163 oblitus
712 3101 1150 3162 misericordiae
1192 3120 1332 3162 suae
1362 3102 1747 3164 reserandum
1780 3121 1908 3164 esse
1938 3103 2154 3164 ostium
2184 3121 2431 3164 succur-

276 3185 654 3265 rendumque
698 3186 1056 3267 periclitanti
1103 3188 1400 3248 censebat.
1463 3207 1573 3267 ego
1619 3187 1870 3249 durante
1907 3188 2097 3248 adhuc
2129 3187 2431 3248 iracundia

279 3290 403 3332 non
444 3272 719 3333 continui
751 3290 1023 3345 manum,
1069 3272 1171 3333 sed
1204 3281 1381 3352 caput
1409 3273 1746 3334 miserantis
1775 3274 1979 3334 stricto
2011 3280 2304 3349 acutoque
2336 3289 2430 3331 ar-

175 3366 231 3415 35
272 3356 458 3418 ticulo
491 3357 776 3437 percussi.
822 3365 884 3418 et
911 3356 1008 3418 ille
1040 3356 1277 3436 quidem
1308 3358 1462 3419 flens
1493 3358 1762 3420 consedit
1791 3358 1850 3417 in
1878 3357 2048 3418 lecto·
2097 3375 2207 3435 ego
2233 3366 2428 3417 autem

210 3445 255 3496 L
280 3442 544 3504 alternos
589 3443 961 3522 opponebam
1007 3443 1278 3503 foramini
1311 3444 1518 3505 oculos
1548 3444 1881 3521 iniuriaque
1911 3440 2187 3520 Eumolpi
2228 3438 2238 3521 Ι
2273 3442 2433 3503 velut

177 3527 538 3607 Loquodam
597 3528 731 3589 cibo
790 3547 885 3589 mc
930 3528 1232 3607 replebam
1271 3526 1279 3608 Ι
1319 3530 1881 3607 advocationemque
1925 3526 2430 3603 commendabam,

281 3631 419 3674 cum
450 3622 804 3692 procurator
831 3613 1060 3675 insulae
1080 3614 1361 3693 Bargates
1388 3634 1420 3675 a
1454 3633 1599 3675 cena
1630 3613 1915 3675 excitatus
1945 3631 1976 3673 a
2007 3612 2238 3674 duobus
2267 3613 2432 3675 lecti-

283 3699 459 3759 cariis
489 3699 549 3759 in
583 3700 833 3760 mediam
865 3699 1046 3759 rixam
1080 3701 1404 3779 perfertur3
1438 3717 1572 3760 nam
1607 3707 1732 3760 erat
1761 3698 1936 3759 etiam
1966 3698 2216 3778 pedibus
2238 3717 2431 3778 aeger.

182 3795 238 3845 40
281 3784 330 3844 is
361 3793 429 3844 ut
459 3783 690 3845 rabiosa
713 3783 1084 3863 barbaraque
1108 3803 1251 3846 voce
1275 3785 1335 3845 in
1361 3785 1558 3846 ebrios
1581 3784 1973 3864 fugitivosque
1996 3784 2093 3846 diu
2120 3785 2433 3864 peroravit,

459 3920 522 3971 16
557 3918 688 3971 liber
726 3918 902 3986 01136
939 3918 1274 3984 iniuriamque
1309 3916 1547 3983 Eumolpi
1583 3917 2078 3985 advocationemque
2112 3921 2353 3983 iungunt
2378 3918 2434 3981 0,

282 3985 604 4053 iniuriaeque
655 3986 892 4053 Eumolpi
949 3986 1339 4039 advocationem
1396 3985 1780 4037 commodabam
1834 3988 1932 4050 (sic
1966 3989 2246 4038 Parisinus
2279 3986 2432 4050 8049)

288 4054 549 4120 Scaliger,
586 4059 639 4106 et
673 4054 834 4107 veluti
871 4055 1093 4121 quodam
1129 4054 1244 4106 cibo
1281 4068 1363 4106 me
1397 4055 1659 4123 replebam
1695 4070 1810 4107 cum
1844 4056 2095 4106 Pithoeus

393 4145 594 4190 Petronii
623 4145 789 4189 satirae
821 4146 892 4190 ed.
922 4146 982 4188 111
1998 4142 2027 4191 5
