2881 4580
318 551 407 602 402

326 1111 416 1162 403

331 2267 418 2319 404

460 281 585 340 204
1366 280 1698 334 VARRONIS

666 556 849 618 porro
897 538 1036 600 inde
1082 538 1152 599 ab
1185 558 1307 599 uno
1342 453 1588 618 (1υέιέιὲ
1599 456 1883 617 )compito
1915 548 2122 600 ternae
2152 538 2278 599 viae
2309 539 2612 611 oriuntur,

456 642 489 684 e
520 624 738 703 quibus
793 623 1059 702 singulae
1109 623 1331 684 exitum
1385 642 1454 684 ac
1484 622 1674 698 τέλος
1708 623 1926 684 habent
1958 625 2287 704 proprium.
2347 642 2380 684 a
2411 625 2611 703 primo

456 709 713 788 compito
744 709 1058 769 dextimam
1091 709 1237 769 viam
1268 709 1481 769 muniit
1514 708 1813 787 Epicurus

1192 894 1368 947 ΠΕΡΙ
1402 893 1872 946 ΕΔΕΣΜΑΤΩΝ

1468 1014 1491 1073 Ι
1521 1016 1611 1090 (1)

671 1098 752 1161 Μ.
782 1097 962 1160 Varro
995 1103 1059 1160 in
1085 1108 1286 1160 satura
1309 1118 1482 1180 quam
1512 1097 1669 1182 περὶ
1695 1094 2075 1179 ἐδεσμάτων
2099 1101 2405 1178 inscripsit,
2432 1098 2615 1177 lepide

457 1184 761 1246 admodum
790 1195 842 1244 et
869 1190 1003 1246 scite
1028 1186 1199 1265 factis
1229 1185 1485 1245 versibus
1513 1202 1782 1246 cenarum
1811 1184 2065 1245 ciborum
2116 1187 2425 1262 eoequisitas
2470 1183 2614 1244 deli-

458 1273 576 1331 cias
605 1269 1038 1349 comprehendit.
1099 1288 1235 1331 nam
1260 1270 1535 1349 pleraque
1565 1270 1625 1330 id
1651 1289 1830 1348 ,oenus
1860 1288 2002 1349 quae
2030 1269 2296 1330 heluones
2326 1272 2427 1329 isti
2453 1278 2616 1330 terra

459 1363 510 1414 ct
543 1358 701 1416 mari
726 1357 1090 1435 conquirunt,
1121 1358 1388 1435 emposuit
1417 1354 1756 1434 inclusitque
1806 1359 1871 1415 in
1912 1372 2182 1415 numeros
2208 1356 2484 1414 senarios.
2562 1365 2615 1415 ct

457 1444 606 1520 ipsos
637 1440 858 1519 quidem
884 1459 1099 1510 versus,
1133 1446 1229 1501 cui
1255 1445 1437 1502 otium
1470 1445 1597 1512 erit,
1640 1443 1703 1500 in
1735 1440 1881 1501 libro
1913 1457 2020 1519 quo
2052 1439 2183 1501 dimi
2202 1443 2419 1519 positos
2448 1438 2617 1518 ἱεραί,

457 1543 665 1603 yenera
694 1535 882 1585 autem
925 1529 1269 1605 nominaque
1312 1525 1567 1585 edulium
1612 1535 1666 1585 et
1709 1525 2001 1586 domicilia
2041 1525 2300 1586 ciborum
2344 1525 2615 1586 omnibus

459 1610 593 1671 aliis
614 1615 1002 1690 praestantia,
1047 1630 1188 1691 quae
1225 1609 1525 1690 profunda
1555 1610 1837 1688 ingluvies
1867 1613 2196 1689 vestiyavit,
2240 1628 2382 1689 quae
2423 1608 2609 1671 Varro

461 1695 814 1775 opprobrans
844 1707 1143 1757 exsecutus
1171 1708 1268 1764 est,
1299 1695 1431 1756 haec
1461 1706 1596 1756 sunt
1624 1696 1837 1775 ferme,
1884 1707 2164 1776 quantum
2204 1695 2366 1757 nobis
2397 1713 2618 1755 memo-

459 1784 585 1841 riae
613 1788 726 1841 est:
748 1799 939 1860 pavus
970 1799 998 1840 e
1022 1780 1213 1850 Samo,
1242 1779 1498 1859 Phryyia
1527 1790 1811 1858 attayena,
1839 1798 2008 1860 yrues
2032 1779 2282 1848 Melicae,
2306 1779 2520 1841 haedus
2543 1798 2620 1840 ecc

461 1865 793 1936 Ambracia,
839 1865 1097 1944 pelamys
1133 1864 1525 1937 Chalcedonio,
1580 1884 1861 1926 muraena
1898 1863 2181 1937 Tartesia,
2234 1864 2398 1926 aselli
2427 1864 2620 1925 Pessi-

461 1954 687 2021 nuntii,
736 1960 922 2012 ostrea
960 1948 1206 2021 Tarenti,
1235 1951 1613 2031 pectunculus
1803 1950 1995 2030 helops
2027 1937 2298 2021 Rhodius,
2330 1954 2485 2011 scari
2516 1950 2622 2011 Ci-

463 2035 609 2106 lices,
639 2054 812 2096 nuces
849 2034 1103 2107 Thasiae,
1127 2035 1327 2116 palma
1358 2038 1652 2116 Aegyptia,
1682 2036 1850 2116 ylans
1879 2035 2150 2097 Hiberica

1455 2155 1507 2215 11
1539 2156 1626 2232 (2)

673 2257 722 2320 si
753 2267 1042 2338 quantum
1075 2275 1289 2336 operae
1321 2256 1652 2337 sumpsisti,
1696 2267 1760 2319 ut
1801 2265 1938 2320 tuus
1981 2256 2168 2337 pistor
2198 2256 2425 2319 bonum
2458 2257 2619 2318 face-

463 2352 555 2404 ret
584 2362 829 2422 panem,
883 2344 1009 2405 eius
1037 2343 1445 2404 duodecimam
1477 2342 1882 2423 philosophiae
1928 2342 2218 2416 dedisses,
2263 2343 2389 2423 ipse
2419 2342 2622 2405 bonus

464 2429 576 2489 iam
609 2429 837 2507 pridem
869 2447 1028 2491 esses
1058 2429 1262 2489 factus·
1325 2446 1489 2488 nunc
1519 2427 1683 2488 illum
1715 2429 1818 2506 qui
1862 2437 2117 2501 norunt,
2169 2427 2377 2489 volunt
2419 2446 2620 2488 emere

466 2514 702 2575 milibus
732 2524 994 2585 centum,
1023 2522 1082 2574 te
1113 2514 1213 2592 qui
1249 2513 1409 2574 novit
1440 2532 1618 2575 nemo
1650 2514 1940 2575 centussis

1235 2701 1410 2753 ΠΕΡΙ
1445 2699 1844 2757 ΕΞΑΓΩΓΗΣ

875 2893 1190 2967 quemnam
1243 2899 1301 2949 te
1350 2803 1491 2950 esse1
1522 2806 1744 2957 didam,
1804 2888 1929 2948 fera
1984 2887 2085 2967 qui
2119 2891 2298 2948 manu
2350 2893 2627 2967 corporis

1011 2973 1263 3034 fervidos
1314 2974 1569 3035 fontium
1621 2973 1811 3053 aperis
1862 2973 2024 3035 lacus
2079 2974 2389 3053 sanguinis
2441 2983 2624 3052 teque

1007 3062 1120 3118 vita
1147 3059 1302 3120 levas
1331 3060 1526 3120 ferreo
1556 3056 1729 3120 ensi?

679 3262 1053 3324 Andromeda
1082 3262 1275 3323 vincta
1307 3271 1367 3323 et
1398 3176 1696 3341 pggpfissta
1741 3271 1870 3323 ceto
1921 3279 2042 3322 non
2075 3259 2279 3322 debuit
2306 3261 2461 3340 patri
2494 3280 2626 3333 suo,

472 3348 696 3410 homini
728 3347 1150 3427 stupidissima,
1183 3347 1242 3409 in
1278 3367 1343 3408 os
1372 3364 1588 3426 spuere
1620 3344 1835 3408 vitam?

641 3519 742 3569 402
777 3515 846 3568 Ν.
880 3531 933 3580 p.
970 3517 1038 3568 94
1073 3514 1294 3566 dextima
1331 3516 1665 3578 (Priscianus
1697 3513 1758 3565 111
1789 3530 1842 3580 p.
1881 3515 1967 3578 98)

643 3587 742 3638 403
783 3585 984 3637 Gellius
1008 3581 1073 3632 Vl
1107 3584 1171 3635 16
1200 3585 1209 3642 l
1241 3597 1448 3635 murena
1489 3583 1715 3634 tal-resia.
1764 3583 1974 3647 reliqua
2010 3579 2265 3641 facillime
2299 3586 2638 3633 revocantur·

470 3653 544 3703 ad
575 3657 817 3704 senarios
850 3653 997 3703 velut
1031 3665 1166 3717 pavo
1203 3652 1266 3702 ex
1304 3649 1475 3713 Samo,
1516 3649 1687 3719 Phryx
1723 3654 1947 3716 attagen,
1983 3663 2104 3715 grus
2139 3645 2338 3712 Melica,
2376 3649 2526 3701 haedi
2565 3651 2633 3702 ex

473 3720 757 3781 Ambracia,
782 3721 1018 3789 pelamys
1043 3717 1396 3777 Chalcedonis,
1434 3720 1675 3770 niun-aena
1702 3717 1892 3780 Sicula,
1916 3717 2061 3769 aselli
2086 3713 2417 3780 Pessinuntii,
2455 3719 2635 3770 ostrea

472 3787 697 3851 Tarenti,
732 3788 946 3840 Lesbius
984 3786 1336 3854 pectunculus,
1372 3785 1527 3854 lupus
1552 3786 1768 3849 Timavi,
1807 3785 1989 3851 helops
2025 3783 2217 3848 Rhodi,
2254 3784 2441 3837 Cilices
2478 3787 2628 3851 scari,

471 3870 573 3907 nux
610 3853 817 3918 Thasia,
852 3855 1021 3921 palma
1057 3855 1300 3922 Aegypti,
1338 3855 1489 3919 glans
1524 3854 1770 3906 Hiberica.
1818 3859 2074 3905 secuntur
2119 3868 2305 3904 versus
2337 3854 2633 3919 Euripides·

471 3939 603 3989 quos
634 3927 814 3988 potuit
849 3924 971 3984 fiori
1020 3929 1086 3973 ut
1135 3941 1205 3974 σω
1258 3924 1438 3973 eadem
1476 3923 1742 3974 Varronis
1785 3928 1976 3973 satura
2005 3924 2398 3987 grammaticen
2431 3922 2634 3973 descri-

471 3995 616 4042 beret
637 3991 658 4057 ΙΙ
683 3994 784 4043 404
824 3991 1023 4043 Gellius
1059 3991 1148 4041 XX
1190 3993 1269 4053 19,
1309 3992 1339 4043 2

644 4061 741 4111 405
767 4058 906 4110 Non.
924 4075 977 4124 p.
997 4060 1098 4111 336
1122 4058 1294 4110 levare
1324 4058 1334 4125 Ι
1365 4057 1523 4110 seram
1552 4058 1571 4124 ΙΙ
1595 4059 1698 4110 406
1713 4057 1843 4123 Ν.ρ.
1860 4059 1959 4110 400
1980 4026 2218 4123 stupidus
2246 4057 2256 4122 Ι
2287 4066 2512 4123 expuere
2529 4058 2631 4110 alit·
