2881 4580
471 284 555 342 44
1391 281 1696 335 PETRONII

473 466 619 536 quot
648 456 887 517 coronis
919 464 982 516 et
1008 463 1316 535 unguento
1360 474 1472 535 per
1513 456 1769 516 frontem
1802 456 1862 516 in
1898 455 2103 516 oculos
2132 456 2353 516 fluente
2382 464 2618 535 praeto·
2661 462 2717 512 H

470 543 560 602 rio
589 542 720 602 loco
765 560 829 602 se
874 540 1071 620 posuit
1114 540 1520 619 continuoque
1563 541 1766 601 vinum
1811 550 1871 601 et
1914 540 2131 601 caldam
2165 542 2454 621 poposcit.
2514 541 2620 602 de-

472 627 723 687 lectatus
764 627 874 686 hac
922 625 1276 686 Trimalchio
1318 626 1607 686 hilaritate
1652 635 1711 686 et
1754 627 1880 707 ipse
1924 626 2289 706 capaciorem
2347 626 2623 706 poposcit

470 712 755 792 scyphum
801 710 1230 790 quaesivitque,
1278 711 1576 789 quomodo
1620 720 1899 791 acceptus
1928 718 2099 772 esset.
2159 711 2397 772 ‘omnia’
2425 712 2623 790 inquit

470 796 802 858 ‘habuimus
846 803 1082 875 praeter
1125 803 1183 856 te
1197 814 1215 871 ;
1247 796 1400 857 oculi
1432 796 1593 856 enim
1622 796 1739 857 mei
1768 795 1863 857 hic
1907 803 2093 857 erant.
2151 805 2211 856 et
2249 797 2622 858 mehercules
2666 809 2697 858 5

472 881 626 943 bene
657 882 785 942 fuit.
845 881 1036 942 Scissa
1080 880 1304 942 lautum
1350 881 1695 942 novendiale
1736 899 1906 943 servo
1936 899 2046 943 suo
2077 881 2303 943 misello
2348 881 2619 957 faciebat,

366 1030 369 1031 γ
473 985 647 1046 quem
679 974 981 1027 mortuum
1014 982 1193 1026 manu
1221 967 1479 1027 miserat.
1540 975 1598 1027 et
1626 974 1801 1047 puto,
1846 984 1984 1027 cum
2008 966 2427 1029 vicensimariis
2456 984 2620 1046 mag-

474 1070 606 1113 nam
653 1051 992 1112 mantissam
1039 1050 1247 1127 habet3
1305 1051 1734 1131 quinquaginta
1794 1053 1954 1113 enim
2008 1050 2266 1112 millibus
2310 1053 2623 1113 aestimant

472 1145 794 1198 mortuum.
854 1137 956 1197 sed
1002 1144 1197 1196 tamen
1244 1137 1498 1198 suaviter
1540 1137 1681 1211 fuit,
1740 1137 1912 1197 etiam
1959 1137 2009 1198 si
2053 1137 2240 1197 coacti
2282 1155 2489 1199 sumus
2533 1138 2620 1198 di-

374 1225 453 1288 66
473 1222 680 1283 midias
724 1221 998 1301 potiones
1039 1238 1218 1301 super
1261 1221 1533 1284 ossucula
1576 1221 1702 1284 eius
1745 1221 2089 1283 effundere.'
2146 1222 2385 1282 ‘tamen'
2429 1223 2627 1302 inquit
2672 1232 2730 1284 m

473 1306 825 1368 Trimalchio
856 1306 1014 1385 ‘quid
1061 1306 1345 1369 habuistis
1371 1308 1433 1368 in
1468 1325 1613 1368 cena
1629 1305 1679 1366 ‘2’
1737 1307 1966 1368 ‘dicam'
1995 1307 2191 1385 inquit
2218 1308 2290 1368 ‘si
2332 1315 2621 1387 potuero;

475 1411 612 1453 nam
643 1400 762 1453 tam
791 1392 985 1452 bonae
1013 1392 1328 1454 memoriae
1358 1410 1509 1466 sum,
1555 1400 1621 1453 ut
1662 1393 2006 1471 frequenter
2035 1409 2251 1453 nomen
2284 1410 2483 1453 meum
2514 1393 2650 1453 ob-‘

472 1478 718 1539 liviscar.
774 1476 1087 1538 habuimus
1129 1484 1329 1539 tamen
1374 1477 1435 1538 in
1482 1478 1673 1557 primo
1718 1494 1966 1556 porcum
2009 1478 2225 1558 poculo
2270 1487 2619 1540 coronatum

475 1573 534 1624 et
565 1563 720 1623 circa
747 1561 1152 1624 saviunculum
1197 1572 1256 1623 et
1299 1562 1513 1640 gizeria
1559 1562 1779 1642 optime
1823 1563 1971 1624 fac-ta
2016 1572 2075 1623 et
2116 1571 2278 1624 certe
2321 1563 2517 1624 betam
2563 1572 2622 1624 et

475 1666 687 1729 panem
717 1656 1065 1727 autopyrum
1098 1648 1171 1707 de
1200 1666 1308 1709 suo
1350 1647 1481 1719 sibi,
1513 1666 1688 1726 quem
1734 1665 1845 1728 ego
1876 1649 2027 1709 malo
2060 1666 2231 1726 quam
2280 1649 2624 1722 candidum;
2672 1657 2729 1709 15

472 1742 532 1793 et
558 1733 710 1794 vires
738 1732 908 1805 facit,
954 1740 1014 1792 et
1041 1750 1177 1793 cum
1208 1750 1337 1793 mea
1366 1750 1432 1793 re
1465 1728 1686 1816 [causa]
1717 1733 1899 1806 facio,
1946 1752 2068 1794 non
2101 1733 2291 1812 ploro.
2365 1752 2624 1812 sequens

472 1818 762 1879 ferculum
807 1816 917 1877 fuit
957 1816 1215 1878 scriblita
1260 1817 1467 1896 frigida
1510 1827 1570 1879 et
1611 1836 1791 1897 super
1818 1819 1935 1879 mel
1965 1818 2194 1879 caldum
2224 1818 2489 1881 infusum
2519 1837 2622 1879 ex-

474 1902 726 1964 cellente
770 1902 1117 1982 Hispanum.
1203 1902 1401 1981 itaque
1446 1904 1517 1964 de
1560 1903 1821 1964 scriblita
1864 1902 2098 1982 quidem
2144 1921 2267 1964 non
2312 1904 2622 1965 minimum

474 1988 587 2059 edi,
618 1986 691 2048 de
724 1987 894 2048 melle
924 2005 1020 2048 me
1049 2006 1237 2066 usque
1267 1987 1450 2068 tetigi.
1509 1988 1664 2049 circa
1696 1988 1854 2049 cicer
1883 1997 1942 2049 et
1969 1988 2238 2068 lupinum
2257 2035 2273 2063 ,
2303 1989 2497 2050 calvae
2526 2006 2622 2049 ar-

472 2072 693 2133 bitratu
722 2080 785 2133 et
812 2073 959 2133 mala
989 2072 1238 2151 singula.
1292 2091 1401 2153 ego
1431 2081 1632 2134 tamen
1665 2074 1781 2134 duo
1812 2074 2020 2135 sustuli
2067 2082 2126 2134 et
2168 2092 2307 2134 ecce
2353 2075 2414 2134 in
2459 2091 2624 2153 map-
2673 2083 2730 2134 2ο

474 2175 549 2236 pa
579 2158 808 2236 alligata
836 2158 1061 2234 habeo;
1108 2176 1243 2219 nam
1275 2159 1323 2220 si
1355 2158 1575 2237 aliquid
1606 2159 1871 2218 muneris
1899 2176 2032 2218 meo
2062 2159 2341 2219 vernulae
2373 2178 2494 2219 non
2524 2168 2623 2219 tu-

473 2244 630 2316 lero,
689 2243 920 2306 habebo
966 2243 1317 2306 convicium.
1409 2243 1566 2306 bene
1611 2262 1705 2305 me
1749 2243 2027 2305 admonet
2071 2244 2309 2305 domina
2353 2262 2499 2305 mea.
2561 2244 2621 2305 in

472 2337 789 2409 prospectu
833 2330 1150 2391 habuimus
1192 2329 1430 2391 ursinae
1474 2331 1763 2403 t’rustum,
1815 2330 1888 2390 de
1933 2347 2051 2409 quo
2096 2348 2231 2390 cum
2277 2328 2624 2410 imprudens

475 2414 741 2476 Scintilla
772 2423 1093 2494 gustasset,
1138 2432 1328 2494 paene
1358 2415 1639 2476 intestina
1667 2432 1772 2476 sua
1800 2415 2040 2475 vomuit.
2114 2433 2224 2494 ego
2254 2423 2460 2476 contra
2488 2414 2624 2494 plus

473 2499 679 2560 libram
714 2499 962 2572 comedi,
1007 2517 1145 2560 nam
1176 2501 1368 2579 ipsum
1398 2517 1608 2579 aprum
1640 2500 1919 2578 sapiebat.
1980 2507 2039 2560 et
2080 2500 2161 2572 si,
2206 2501 2478 2578 inquam,
2522 2518 2625 2560 ur·
2659 2507 2730 2560 25

473 2601 575 2646 sus
602 2584 1065 2646 homuncionem
1098 2593 1353 2656 comest,
1398 2592 1620 2662 quanto
1651 2585 1835 2664 magis
1861 2585 2182 2646 homuncio
2212 2584 2390 2646 debet
2415 2602 2621 2645 ursum

475 2667 785 2731 comesse?
830 2670 891 2730 in
937 2686 1166 2730 summo
1211 2669 1526 2730 habuimus
1572 2687 1806 2730 caseum
1850 2670 2088 2731 mollem
2131 2689 2202 2731 ex
2246 2688 2385 2749 sapa
2418 2679 2476 2730 et
2520 2688 2624 2731 co·

475 2754 630 2815 cleas
672 2754 935 2833 singulas
979 2762 1038 2813 et
1082 2753 1296 2814 cordae
1340 2755 1527 2814 frusta
1574 2762 1633 2814 et
1675 2754 1907 2833 hepatia
1953 2755 2012 2815 in
2045 2755 2254 2816 catillis
2285 2764 2345 2816 et
2374 2769 2480 2815 ova
2510 2755 2623 2835 pil-

473 2840 623 2899 leata
653 2846 714 2899 et
739 2856 941 2918 rapam
974 2845 1034 2898 et
1061 2856 1282 2917 senape
1309 2848 1369 2900 et
1397 2838 1655 2900 catillum
1688 2848 2089 2913 concacatum,
2120 2858 2235 2920 pax
2265 2839 2622 2901 Palamedes.
2691 2913 2692 2916 Ἴ

476 2923 650 2983 etiam
682 2923 742 2983 in
788 2923 949 2984 alveo
981 2922 1319 2985 circumlata
1361 2932 1503 2985 sunt
1546 2925 1922 3004 oxycomina,
1968 2927 2125 2986 unde
2169 2924 2405 3003 quidam
2451 2925 2624 2985 etiam
2667 2935 2728 2985 30

476 3007 748 3087 improbe
776 3016 981 3069 ternos
1010 3027 1246 3088 pugnos
1273 3009 1661 3071 sustulerunt.
1721 3028 1857 3071 nam
1899 3028 2118 3090 pernae
2149 3010 2490 3072 missionem
2519 3008 2623 3071 de-

379 3095 457 3156 67
479 3092 688 3154 dimus.
749 3093 854 3155 sed
885 3111 1060 3154 narra
1091 3093 1261 3167 mihi,
1308 3093 1432 3165 Gai,
1464 3112 1633 3171 rogo,
1666 3094 1986 3155 Fortunata
2018 3111 2200 3173 quare
2231 3114 2354 3156 non
2385 3113 2622 3156 recum-

479 3176 627 3239 bit?'
684 3180 1004 3257 ‘quomodo
1034 3179 1210 3240 nosti'
1253 3179 1451 3258 inquit
1493 3179 1690 3240 ‘illam'
1733 3179 2087 3240 Trimalchio
2133 3180 2266 3241 ‘nisi
2309 3188 2621 3258 argentum

479 3265 906 3344 composuerit,
938 3263 1048 3325 nisi
1079 3263 1358 3342 reliquias
1398 3264 1602 3344 pueris
1645 3264 1932 3336 diviserit,
1977 3281 2186 3343 aquam
2231 3265 2291 3325 in
2338 3285 2406 3326 os
2448 3284 2621 3327 suum

477 3368 601 3410 non
649 3348 943 3410 coniciet.’
1030 3349 1229 3428 ‘atqui'
1274 3348 1583 3429 respondit
1625 3350 1927 3411 Habinnas
1970 3349 2103 3410 ‘nisi
2148 3349 2242 3410 illa
2287 3349 2621 3422 discumbit,
2666 3359 2726 3410 3⁵

478 3452 588 3514 ego
619 3453 714 3495 me
744 3434 1012 3515 apoculo’
1057 3443 1118 3495 et
1146 3444 1422 3512 coeperat
1450 3452 1694 3513 surgere
1713 3480 1729 3508 ,
1774 3434 1889 3496 nisi
1934 3434 2105 3514 signo
2135 3435 2269 3496 dato
2300 3434 2624 3497 Fortunata

477 3527 687 3597 quater
729 3519 980 3599 amplius
1025 3537 1056 3579 a
1100 3527 1221 3579 tota
1254 3519 1470 3580 familia
1512 3527 1667 3581 esset
1709 3526 1929 3580 vocata.
1989 3519 2148 3580 venit
2193 3537 2336 3598 ergo
2379 3520 2621 3599 galbino

477 3604 776 3665 succincta
806 3603 1079 3683 cingillo,
1124 3604 1203 3665 ita
1246 3612 1311 3664 ut
1354 3605 1508 3664 infra
1551 3604 1816 3665 cerasina
1859 3613 2172 3684 appareret
2198 3605 2397 3665 tunica
2428 3614 2491 3666 et
2517 3624 2625 3686 pe-

480 3688 779 3750 riscelides
831 3696 1018 3749 tortae
1060 3689 1519 3770 phaecasiaeque
1561 3690 1879 3751 inauratae.
1946 3699 2091 3750 tunc
2135 3690 2371 3751 sudario
2414 3708 2626 3751 manus

650 3908 682 3958 6
717 3904 919 3957 laucum
957 3904 1309 3958 novendialem
1336 3906 1356 3974 u
1385 3909 1448 3960 13
1497 3906 1676 3958 botulo
1712 3908 1821 3958 Iac.
1861 3907 2206 3974 Gronovius„
2235 3909 2299 3959 14
2341 3920 2625 3960 saucuncu·

480 3972 585 4092 {¹3¹¹
617 3972 626 4038 Ι
655 3971 888 4092 forltasse
911 3979 964 4025 et
988 3973 1119 4025 circa
1144 3971 1164 4043 fl
1196 3975 1257 4026 16
1282 3975 1422 4027 vices
1447 3974 1468 4042 ΙΙ
1494 3977 1557 4028 27
1583 3981 1637 4027 et
1659 3989 1783 4042 sapa
1807 3975 1827 4042 ΙΙ
1852 3977 1916 4030 31
1943 3975 2242 4043 improbiter
2275 3985 2370 4027 nos
2393 3989 2571 4042 pugno
2606 3976 2628 4044 ΙΙ

583 4055 743 4108 apoca
765 4057 797 4093 o
