2881 4580
439 304 522 363 92
1356 304 1664 360 PETRONII

693 478 1077 558 sanguineam
1106 478 1354 540 tremula
1384 479 1685 557 quatiebat
1713 479 1977 560 lampada
2007 482 2228 543 dextra.
2616 495 2724 546 Lo

696 565 840 625 haec
871 572 939 625 ut
968 563 1169 644 Cocyti
1199 563 1480 625 tenebras
1511 572 1570 625 et
1600 564 1840 625 Tartara
1872 566 2061 644 liquit,

696 648 810 710 alta
840 649 988 729 petit
1017 648 1293 727 gradiens
1321 650 1457 727 iuga
1490 649 1707 711 nobilis
1736 651 2102 730 Appennini,

584 743 672 795 280
701 735 860 796 unde
892 752 1100 796 omnes
1129 742 1318 797 terras
1349 744 1527 814 atque
1557 735 1755 796 omnia
1785 735 1958 796 litora
1989 747 2191 816 posset

694 820 958 900 aspicere
987 837 1057 880 ac
1089 828 1214 880 toto
1243 819 1543 881 fluitantes
1573 819 1721 881 orbe
1749 829 2031 894 catervas,

698 913 876 984 atque
904 905 1011 965 has
1041 904 1302 983 erumpit
1330 903 1657 966 furibundo
1688 913 1932 985 pectore
1961 924 2169 967 voces:

700 989 954 1051 “sumite
987 1007 1150 1049 nunc
1180 998 1390 1069 gentes
1419 990 1687 1051 accensis
1715 990 2016 1063 mentibus
2044 1009 2225 1066 arma,

700 1075 914 1136 sumite
944 1082 1005 1135 et
1035 1074 1096 1134 in
1127 1074 1348 1137 medias
1377 1075 1672 1136 immittite
1701 1074 2000 1154 lampadas
2030 1076 2228 1137 urbes.

583 1168 669 1220 285
696 1160 984 1233 vincetur,
1017 1159 1361 1239 quicunque
1390 1160 1562 1235 latet;
1595 1179 1718 1222 non
1751 1161 1969 1222 femina
2000 1169 2209 1235 cesset,

703 1263 827 1305 non
858 1262 1011 1324 puer
1039 1254 1142 1306 aut
1169 1263 1311 1306 aevo
1345 1244 1461 1306 iam
1492 1245 1748 1306 desolata
1779 1255 2090 1322 senectus3

699 1330 824 1410 ipsa
853 1338 1066 1390 tremat
1093 1329 1268 1391 tellus
1292 1330 1665 1409 lacerataque
1692 1340 1849 1392 tecta
1878 1330 2190 1392 rebellent.

701 1424 767 1476 tu
798 1414 1007 1494 legem,
1038 1414 1331 1489 Marcelle,
1360 1424 1520 1476 tene.
1581 1424 1645 1476 tu
1674 1425 1931 1477 concute
1962 1415 2215 1495 plebem,

704 1499 903 1561 Curio.
964 1509 1032 1562 tu
1061 1502 1272 1561 sortem
1306 1520 1383 1562 ne
1413 1500 1738 1580 supprime,
1770 1500 2043 1574 Lentule,
2073 1501 2336 1562 Martem.

586 1594 672 1645 290
702 1584 843 1664 quid
874 1602 1056 1664 porro
1088 1593 1174 1658 tu,
1206 1584 1355 1659 dive,
1387 1586 1505 1647 tuis
1536 1586 1836 1647 cunctaris
1864 1586 1928 1646 in
1961 1587 2158 1659 armis,

706 1688 829 1730 non
862 1670 1087 1749 frangis
1116 1679 1336 1749 portas,
1370 1688 1495 1731 non
1530 1670 1713 1732 muris
1744 1670 1962 1751 oppida
1992 1670 2168 1732 solvis

702 1755 1130 1833 thesaurosque
1160 1753 1364 1835 rapis?
1397 1755 1592 1817 nescis
1622 1764 1705 1829 tu,
1738 1755 1969 1835 Magne,
2000 1757 2155 1817 tueri

708 1838 1003 1900 Romanas
1032 1838 1244 1901 arces?
1281 1839 1600 1921 Epidamni
1628 1841 1864 1902 moenia
1895 1858 2115 1919 quaere

708 1922 1196 2004 Thessalicosque
1226 1925 1393 1987 sinus
1423 1927 1685 1986 humano
1716 1926 2005 2005 sanguine
2035 1924 2301 2004 tingue”.

589 2017 676 2068 295
790 2008 1010 2069 factum
1042 2018 1133 2070 est
1161 2010 1222 2071 in
1244 2011 1442 2084 terris,
1475 2010 1755 2090 quicquid
1789 2009 2092 2071 Discordia
2122 2008 2308 2071 iussit'

1516 2116 1553 2155 *

624 2196 763 2239 cum
818 2179 965 2238 haec
1010 2179 1335 2259 Eumolpos
1391 2180 1621 2260 ingenti
1677 2180 2041 2241 volubilitate
2098 2178 2419 2240 verborum
2464 2179 2620 2240 effu-

455 2264 654 2339 disset,
686 2265 924 2326 tandem
958 2262 1214 2326 Crotona
1246 2265 1613 2328 intravimus.
1662 2265 1764 2327 ubi
1795 2264 2030 2345 quidem
2062 2283 2242 2345 parvo
2274 2264 2617 2327 deversorio

452 2350 680 2424 refecti,
712 2359 954 2431 postero
986 2350 1078 2411 die
1111 2351 1412 2431 amplioris
1440 2352 1720 2412 fortunae
1750 2351 1991 2412 domum
2030 2358 2387 2429 quaerentes
2407 2350 2622 2412 incidi·

457 2454 587 2497 mus
618 2435 678 2496 in
711 2436 944 2497 turbam
987 2435 1468 2515 heredipetarum
1513 2435 1967 2510 sciscitantium,
2013 2435 2172 2514 quod
2204 2455 2395 2515 genus
2426 2435 2621 2496 homi-

460 2538 603 2582 num
635 2530 736 2582 aut
765 2520 925 2582 unde
952 2521 1307 2583 veniremus.
1354 2541 1426 2582 ex
1457 2522 1822 2601 praescripto
1853 2538 1997 2601 ergo
2027 2521 2260 2582 consilii
2284 2520 2624 2582 communis
2667 2527 2702 2576 5

461 2613 806 2686 exaggerata
848 2605 1161 2667 verborum
1208 2605 1601 2678 volubilitate,
1647 2607 1809 2668 unde
1850 2614 1953 2667 aut
1982 2607 2086 2684 qui
2118 2624 2416 2680 essemus,
2459 2605 2618 2667 haud

461 2690 640 2751 dubie
696 2689 1080 2753 credentibus
1131 2689 1536 2752 indicavimus.
1577 2688 1587 2773 Ι
1627 2691 1728 2770 qui
1773 2691 1968 2753 statim
2013 2709 2159 2770 opes
2201 2709 2340 2753 suas
2382 2709 2619 2753 summo
2649 2700 2693 2751 L

461 2793 598 2836 cum
629 2775 952 2836 certamine
980 2775 1042 2836 in
1077 2775 1436 2854 Eumolpum
1467 2787 1918 2856 congesserunt.

534 2944 592 3005 u·
635 2860 905 2956 certatim
967 2878 1175 2921 omnes
1218 2860 1596 2941 heredipetae
1648 2861 1999 2922 muneribus
2043 2861 2294 2939 gratiam
2339 2859 2620 2938 Eumolpi
2675 2950 2705 3000 l

467 2964 532 3006 so
579 2952 784 3006 lentant
2704 2951 2739 3001 0

1526 3026 1564 3066 ιιι

292 3113 413 3175 125
634 3112 775 3175 dum
804 3113 951 3176 haec
981 3131 1198 3194 magno
1231 3124 1503 3196 tempore
1536 3114 1795 3176 Crotone
1825 3123 2085 3194 aguntur

468 3208 527 3260 et
557 3199 885 3280 Eumolpus
929 3199 1202 3261 felicitate
1246 3200 1461 3280 plenus
1505 3199 1723 3280 prioris
1766 3199 2041 3260 fortunae
2072 3208 2228 3261 esset
2256 3198 2475 3260 oblitus
2504 3204 2625 3259 sta-

465 3294 592 3347 tum
651 3284 797 3347 adeo
816 3329 833 3358 ‚
893 3293 960 3345 ut
1014 3284 1135 3346 suis
1192 3285 1464 3359 iactaret,
1523 3284 1824 3345 neminem
1870 3284 2092 3364 gratiae
2134 3301 2278 3346 suae
2321 3282 2405 3345 ibi
2447 3301 2625 3362 posse

465 3370 742 3432 resistere
772 3370 1137 3450 impuneque
1167 3389 1337 3444 suos,
1367 3370 1417 3431 si
1448 3370 1590 3447 quid
1620 3369 2008 3447 deliquissent
2037 3369 2100 3430 in
2133 3387 2200 3431 ea
2230 3368 2402 3443 urbe,
2435 3367 2624 3429 bene-

468 3455 603 3516 ficio
617 3454 942 3517 amicorum
966 3456 1207 3517 laturoS.
1255 3463 1522 3515 ceterum
1547 3472 1680 3536 ego,
1704 3456 1814 3515 etsi
1837 3454 2100 3535 quotidie
2117 3454 2301 3533 magis
2318 3453 2626 3532 magisque
2673 3456 2737 3509 15

469 3540 972 3620 superfluentibus
1026 3540 1203 3602 bonis
1247 3540 1580 3618 saginatum
1626 3557 1846 3618 corpus
1887 3539 2264 3620 impleveram
2309 3537 2626 3619 putabam-

471 3642 587 3703 que
630 3642 663 3684 a
709 3624 974 3686 custodia
1035 3625 1150 3686 mei
1199 3625 1515 3686 removisse
1564 3624 1790 3685 vultum
1834 3623 2158 3685 Fortunam
2178 3670 2194 3698 ,
2249 3632 2447 3684 tamen
2494 3641 2626 3684 sae-

468 3708 602 3788 pius
631 3717 751 3769 tam
780 3711 1273 3772 consuetudinem
1304 3728 1497 3771 meam
1521 3709 1852 3789 cogitabam
1875 3728 2050 3788 quam
2076 3727 2329 3783 causam,
2361 3718 2422 3769 et
2444 3707 2628 3786 ‘quid’

639 3861 737 3912 277
775 3860 1052 3925 sanguinea
1091 3861 1356 3913 tremulam
1393 3859 1690 3912 Sambueus
1730 3858 1751 3928 ΙΙ
1792 3862 1891 3914 293
1926 3860 2064 3913 acies
2095 3859 2103 3926 Ι
2134 3858 2341 3910 nomina
2382 3858 2423 3908 0
2462 3857 2484 3925 ΙΙ
2527 3858 2632 3909 294

475 3926 704 3980 Romano
743 3926 1072 3979 Cornelissen
1107 3928 1127 3995 ΙΙ
1161 3931 1192 3981 2
1229 3927 1456 3996 quidem]
1493 3930 1623 3980 haee
1657 3933 1709 3979 et
1735 3931 1997 3995 proxima
2032 3929 2328 3993 depravata
2362 3928 2429 3976 ab
2464 3929 2636 3991 epito-

472 4000 694 4061 matore,
729 3995 874 4047 velut
907 3997 995 4047 hie
1029 3996 1247 4062 primum
1283 3998 1335 4048 in
1373 3998 1771 4062 eom‘gendum,
1805 3998 1838 4048 6
1873 3997 2167 4048 resecanda
2202 3997 2439 4061 quinque
2475 4009 2632 4045 voea-

474 4065 597 4116 bula
623 4063 643 4132 11
671 4066 732 4117 13
769 4060 899 4131 suis]
936 4063 1152 4116 subinde
1189 4066 1477 4129 Iacobsiue,
1513 4065 1718 4132 saepius
1753 4064 1894 4132 egon
1927 4067 1987 4118 17
2026 4069 2133 4116 tum
2169 4062 2562 4128 Scaliger-anus
