2881 4580
1219 314 1499 368 SATIRAE
2354 317 2436 377 53

202 501 254 550 Η
437 488 565 550 ibat
591 506 690 550 res
735 488 804 548 ad
850 506 1138 549 summam
1188 506 1502 562 nauseam,
1559 507 1694 550 cum
1741 489 2099 551 Trimalchio
2159 490 2441 552 ebrietate

268 575 613 654 turpissima
643 573 835 652 gravis
869 590 1085 635 novum
1117 591 1419 647 acroama,
1452 574 1823 649 cornicines,
1871 575 1930 637 in
1962 575 2287 637 triclinium
2318 575 2439 637 ius-

267 660 342 720 sit
372 659 622 733 adduci,
667 659 971 737 fultusque
1001 659 1388 721 cervicalibus
1416 659 1617 721 multis
1647 659 1911 721 extendit
1938 679 2003 722 se
2032 678 2215 740 super
2243 669 2440 722 torum

270 754 604 811 extremum
650 754 710 805 et
755 743 981 823 ‘fingite
1023 744 1139 805 me’
1184 744 1382 825 inquit
1421 752 1744 805 ‘mortuum
1790 764 1938 807 esse.
2000 745 2176 807 dicite
2221 746 2439 824 aliquid

196 845 225 893 5
271 830 449 892 belli’.
509 847 889 892 consonuere
934 829 1276 892 cornicines
1318 830 1556 892 funebri
1600 829 1872 910 strepitu.
1935 849 2092 893 unus
2122 833 2441 911 praecipue

271 934 480 978 servus
522 914 828 976 libitinarii
874 914 1062 989 illius,
1121 916 1224 993 qui
1269 916 1428 976 inter
1471 916 1582 977 hos
1625 916 2080 978 honestissimus
2123 925 2278 991 erat,
2323 926 2442 977 tam

270 1002 438 1062 valde
469 1000 750 1074 intonuit,
782 1009 848 1061 ut
875 1007 1057 1061 totam
1102 1001 1431 1063 concitaret
1460 1001 1756 1062 viciniam.
1815 1001 2015 1081 itaque
2058 1001 2294 1080 vigiles,
2341 1001 2443 1081 qui

274 1086 692 1148 custodiebant
732 1085 984 1146 vicinam
1030 1086 1371 1165 regionem,
1428 1086 1541 1146 rati
1584 1086 1792 1147 ardere
1837 1085 2293 1148 Trimalchionis
2335 1088 2443 1147 do-

274 1190 439 1233 mum
461 1217 477 1246 ,
523 1171 891 1249 effregerunt
933 1170 1174 1232 ianuam
1215 1172 1414 1233 subito
1446 1180 1507 1231 et
1535 1189 1671 1231 cum
1703 1189 1855 1249 aqua
1886 1172 2317 1250 securibusque
2350 1181 2442 1233 tu-

176 1269 231 1319 10
274 1256 557 1319 multuari
587 1275 695 1318 suo
728 1255 857 1316 iure
887 1265 1233 1336 coeperunt.
1298 1275 1407 1318 nos
1456 1257 1830 1317 occasionem
1875 1258 2444 1336 opportunissimam
2499 1257 2518 1313 j

275 1343 437 1405 nacti
485 1342 915 1421 Agamemnoni
959 1340 1140 1402 verba
1184 1342 1455 1403 dedimus
1500 1342 1835 1420 raptimque
1879 1349 1999 1403 tam
2043 1342 2221 1421 plane
2267 1360 2444 1421 quam

278 1447 353 1489 ex
384 1427 664 1489 incendio
697 1427 974 1506 fugimus

210 1598 256 1649 L
456 1594 467 1680 1
508 1615 704 1677 neque
732 1597 828 1656 fax
856 1595 973 1656 ulla
1018 1595 1080 1656 in
1111 1594 1402 1675 praesidio
1433 1603 1596 1670 erat,
1629 1614 1779 1674 quae
1809 1595 1925 1656 iter
1950 1595 2211 1674 aperiret
2240 1614 2444 1657 erran·
2467 1597 2548 1659 79

277 1683 471 1757 tibus,
519 1701 634 1743 nec
677 1682 978 1743 silentium
1024 1681 1217 1742 noctis
1260 1680 1372 1741 iam
1420 1680 1648 1742 mediae
1693 1680 2078 1760 promittebat
2122 1699 2448 1742 occurren-

178 1780 233 1831 15
275 1770 425 1831 tium
472 1769 698 1829 lumen.
784 1765 1103 1827 accedebat
1157 1766 1275 1827 huc
1334 1765 1589 1827 ebrietas
1634 1775 1693 1828 et
1736 1766 2137 1845 imprudentia
2179 1767 2448 1828 locorum

278 1855 454 1916 etiam
485 1852 745 1915 interdiu
778 1851 1074 1913 obfutura.
1140 1851 1339 1930 itaque
1382 1870 1518 1913 cum
1551 1852 1699 1912 hora
1729 1870 1920 1932 paene
1949 1860 2074 1913 tota
2103 1870 2211 1932 per
2242 1871 2452 1914 omnes

276 1958 531 2019 scrupos
560 1946 1011 2019 gastrarumque
1042 1936 1432 1997 eminentium
1465 1939 1793 2015 fragmenta
1823 1938 2203 1999 traxissemus
2232 1956 2451 1999 cruen-

279 2033 372 2087 tos
417 2025 631 2105 pedeS,
676 2022 915 2083 tandem
961 2021 1221 2102 expliciti
1265 2023 1540 2083 acumine
1584 2022 1820 2083 Gitonis
1876 2040 2100 2084 sumus·
2186 2023 2451 2103 prudens

280 2110 441 2172 enim
488 2102 760 2194 [pridie],
818 2124 954 2168 cum
998 2106 1132 2167 luce
1181 2107 1356 2167 etiam
1401 2107 1560 2168 clara
1604 2108 1841 2169 timeret
1883 2126 2180 2182 errorem,
2243 2126 2452 2168 omnes

178 2207 236 2258 20
279 2197 430 2276 pilas
475 2195 908 2271 columnasque
954 2200 1259 2253 notaverat
1302 2201 1497 2266 creta,
1546 2211 1698 2271 quae
1742 2192 2102 2254 lineamenta
2149 2193 2455 2253 evicerunt

281 2280 700 2362 spississimam
735 2286 968 2339 noctem
1017 2286 1076 2338 et
1119 2277 1364 2339 notabili
1394 2276 1655 2339 candore
1689 2278 2083 2339 ostenderunt
2112 2276 2452 2339 errantibus

280 2368 455 2429 viam.
519 2364 782 2444 quamvis
825 2383 950 2425 non
998 2363 1195 2425 minus
1224 2362 1461 2424 sudoris
1490 2361 1806 2425 habuimus
1837 2362 2010 2423 etiam
2043 2371 2358 2442 postquam
2381 2362 2453 2423 ad

279 2451 579 2515 stabulum
612 2449 1008 2530 pervenimus·
1068 2467 1219 2510 anus
1263 2447 1423 2509 enim
1469 2447 1594 2527 ipsa
1627 2448 1782 2508 inter
1811 2448 2205 2510 deversitores
2235 2447 2454 2509 diutius

283 2536 647 2619 ingurgitata
707 2553 786 2595 ne
839 2534 1041 2613 ignem
1086 2534 1323 2613 quidem
1368 2532 1670 2594 admotum
1715 2532 2015 2594 sensisset.
2106 2540 2164 2593 et
2207 2533 2452 2594 forsitan

183 2633 238 2683 25
283 2630 807 2705 pernoctassemus
850 2619 910 2679 in
971 2618 1205 2692 li'mine,
1266 2619 1330 2678 ni
1387 2617 1726 2680 tabellarius
1771 2618 2223 2680 Trimalchionis
2267 2619 2455 2679 inter-

283 2708 548 2770 venisset
598 2705 651 2765 X
692 2704 975 2765 vehiculis
1018 2703 1195 2765 dives.
1285 2722 1408 2764 non
1471 2704 1570 2764 diu
1616 2722 1759 2782 ergo
1805 2704 2201 2767 tumultuatus
2241 2702 2454 2765 stabuli

284 2797 529 2857 ianuam
561 2790 794 2870 effregit
822 2798 881 2850 et
911 2807 1023 2850 nos
1051 2807 1160 2869 per
1191 2789 1438 2849 eandem
1470 2789 1628 2850 intro
1660 2788 1894 2850 admisit

1350 2895 1383 2933 *

700 2959 890 3038 qualis
920 2978 1039 3020 nox
1071 2957 1180 3020 fuit
1209 2959 1324 3032 illa,
1354 2959 1414 3018 di
1445 2958 1726 3037 deaeque,

705 3062 880 3123 quam
911 3043 1105 3104 mollis
1135 3051 1320 3106 torus.
1380 3043 1677 3104 haesimus
1707 3042 1966 3104 calentes

185 3143 241 3194 30
704 3139 765 3190 et
795 3128 1224 3191 transfudimus
1253 3129 1396 3190 hinc
1426 3136 1486 3190 et
1516 3128 1656 3189 hinc
1684 3126 1910 3189 labellis

704 3223 974 3275 errantes
1005 3213 1247 3275 animas.
1307 3214 1516 3286 valete,
1549 3230 1727 3274 curae

704 3299 985 3360 mortalis
1046 3316 1155 3378 ego
1187 3299 1273 3360 sic
1304 3298 1502 3378 perire
1532 3298 1724 3378 coepi.

289 3388 425 3449 sine
470 3402 646 3446 causa
689 3385 955 3464 gratulor
997 3383 1160 3445 mibi.
1252 3402 1389 3444 nam
1434 3401 1570 3445 cum
1619 3383 1849 3444 solutus
1891 3397 2058 3440 mero
2103 3378 2459 3440 remisissem

293 3471 493 3533 ebrias
522 3488 764 3543 manus,
810 3469 1108 3549 AscyltoS,
1155 3469 1350 3531 omnis
1378 3468 1630 3529 iniuriae
1661 3468 1967 3537 inventor,
2010 3463 2290 3525 subduxit
2317 3464 2462 3524 mihi

190 3570 246 3620 35
291 3565 472 3618 nocte
503 3573 756 3635 puerum
790 3564 850 3615 et
879 3555 940 3614 in
971 3554 1191 3615 lectum
1222 3554 1523 3615 transtulit
1551 3571 1746 3622 suum,
1778 3550 2189 3627 volutatusque
2218 3549 2464 3611 liberius

295 3661 432 3704 cum
481 3642 665 3702 fratre
709 3659 834 3701 non
881 3657 1029 3714 suo,
1087 3640 1206 3701 sive
1266 3659 1389 3700 non
1451 3638 1747 3700 sentiente
1805 3635 2081 3697 iniuriam
2124 3634 2245 3696 sive
2288 3635 2462 3696 dissi-

293 3727 593 3800 mulante,
638 3724 991 3801 ,indormivit
1044 3724 1250 3786 alienis
1308 3723 1677 3804 amplexibus
1737 3719 1955 3782 oblitus
2011 3720 2157 3782 iuris
2200 3720 2461 3780 humani.

469 3879 500 3929 6
536 3874 838 3928 libertinarii
872 3875 1013 3926 unde
1050 3876 1285 3927 conia-iat
1320 3873 1519 3937 aliquis
1554 3871 1642 3939 qui
1667 3870 1800 3922 inter
1825 3869 2122 3922 collibertos
2157 3869 2176 3936 ΙΙ
2214 3872 2269 3922 11
2312 3869 2465 3936 plane

296 3951 561 4014 tamquam
597 3946 823 3995 Iahnius
858 3942 969 4010 {116
1006 3942 1221 3995 obscura
1269 3940 1289 4009 fl
1342 3944 1403 3993 17
1445 3940 1642 4006 scirpos
1690 3939 1710 4007 ΙΙ
1765 3942 1827 3992 19
1863 3937 2027 4003 pridie
2068 3937 2467 3990 Ternas-ciana:

297 4015 525 4082 prudens
559 4011 656 4063 sed
688 4012 918 4063 deletum
955 4011 1342 4076 Scaliger-anus
1365 4007 1385 4077 ΙΙ
1413 4010 1477 4062 20
1516 4011 1757 4074 certaque
1782 4007 1803 4074 ΙΙ
1829 4008 1894 4059 23
1931 4006 2123 4059 lautius
2141 4006 2415 4057 Iacobsz'us
2448 4007 2469 4069 ΙΙ

296 4086 361 4137 26
398 4083 658 4149 temptavi
691 4079 922 4132 advectis
947 4078 966 4147 ΙΙ
993 4082 1057 4132 27
1094 4080 1247 4141 intro]
1285 4081 1470 4129 terram
1495 4075 1516 4145 ΙΙ
1543 4078 1607 4129 33
1644 4075 1932 4128 amisissem
