2881 4580
1132 298 1509 352 MENJPPEAE
2269 296 2388 356 207

649 473 1008 552 nequiquam
1042 489 1218 551 saepe
1247 480 1473 533 aeratas
1502 471 1734 533 manuis
1764 471 2079 551 compedes

651 576 838 621 conor
868 557 1147 619 revellere

1223 641 1276 702 11
1321 642 1411 719 (2)

645 739 771 790 tum
803 737 871 789 ut
900 733 949 790 si
978 726 1275 789 subernus
1304 731 1505 787 cortex
1537 735 1640 798 aut
1666 728 1972 788 cacumina
2435 735 2525 788 424

645 813 1004 875 morientum
1038 813 1096 873 in
1125 820 1455 890 querqueto
1487 810 1767 873 arborum
1792 811 2084 873 aritudine

1220 930 1300 991 ΙΙΙ
1334 933 1422 1009 (3)

1360 1023 1537 1093 atque
1568 1034 1643 1078 em
1673 1015 1913 1078 drtubue
2437 1024 2522 1076 425

647 1101 1045 1181 exsanguibus
1075 1100 1281 1162 dolore
1314 1100 1599 1161 evirescat
1629 1101 1790 1163 colos

1200 1218 1308 1280 1111
1341 1214 1429 1300 (4)

646 1321 908 1382 mortalis
938 1339 1113 1382 nemo
1146 1320 1401 1393 exaudit,
1433 1320 1537 1382 sed
1569 1320 1682 1381 late
1713 1320 1983 1383 incolens
2437 1330 2525 1382 426

648 1406 996 1486 Scytharum
1030 1405 1402 1485 inhospitalis
1432 1406 1655 1485 campis
1683 1406 1919 1468 vastitas

645 1609 787 1672 levis
816 1628 987 1671 mens
1018 1524 1298 1689 umquaXi
1310 1526 1688 1671 (S5gmnurnas
1717 1608 2004 1688 imagines
2434 1619 2522 1671 427

645 1696 873 1769 affatur,
899 1714 1020 1757 non
1047 1694 1400 1756 umbrantur
1429 1713 1641 1757 somno
1674 1695 1931 1775 pupulae

644 1909 960 1977 humanam
987 1916 1280 1995 quandam
1311 1920 1547 1996 gentem
1580 1915 1780 1995 stirpis
1811 1915 2031 1994 coquit,
2438 1925 2526 1977 428

644 2001 833 2081 frigus
862 2000 1058 2063 calore
1086 2009 1262 2081 atque
1295 2019 1502 2062 umore
1534 2000 1884 2061 aritudinem

644 2086 852 2148 miscet

1203 2169 1304 2231 VII
1336 2174 1425 2247 (7)

451 2290 585 2335 cum
615 2292 851 2335 sumere
882 2272 1205 2354 coepisset,
1248 2272 1517 2353 voluptas
1546 2271 1866 2345 detineret,
1913 2289 2047 2333 cum
2097 2280 2187 2333 sat
2216 2269 2395 2333 habe·
2437 2282 2527 2334 429

236 2367 347 2433 ret,
379 2359 553 2420 satias
582 2376 824 2422 manum
854 2360 927 2421 de
958 2376 1162 2420 mensa
1190 2358 1427 2420 tolleret

1191 2477 1322 2538 VlII

454 2579 799 2640 retrimenta
829 2578 944 2641 cibi
975 2597 1089 2659 qua
1122 2478 1512 2657 exirentfgger
1540 2577 1835 2658 posticum
1867 2575 2075 2638 callem
2107 2578 2217 2639 feci
2428 2589 2516 2639 430

1155 2697 1312 2759 v1111
1340 2698 1473 2774 (14)

452 2801 507 2862 id
542 2811 607 2862 ut
639 2800 808 2873 scias,
840 2802 974 2862 audi
1005 2802 1118 2863 hoc
1150 2802 1305 2880 quod
1331 2801 1541 2861 falsum
1574 2798 1719 2860 dicis
1750 2817 1896 2871 esse,
1931 2798 2154 2859 nemini
2187 2797 2391 2860 oculos
2432 2812 2516 2862 431

239 2905 390 2966 opus
421 2904 572 2959 esse,
603 2886 653 2946 si
687 2886 863 2946 habet

1209 2969 1262 3030 X
1289 2970 1420 3047 (10)

453 3072 950 3153 Chrysosandalos
978 3073 1133 3133 locat
1161 3073 1273 3133 sibi
1304 3071 1614 3134 amiculam
1645 3071 1717 3131 de
1747 3070 1897 3132 lacte
1928 3079 1987 3132 et
2009 3089 2144 3132 cera
2162 3071 2388 3133 Taren·
2433 3085 2521 3136 342

236 3159 357 3220 tina
391 3176 568 3238 quam
599 3176 740 3238 apes
770 3158 1025 3220 Milesiae
1055 3159 1362 3237 coegerint
1407 3176 1477 3218 ex
1523 3154 1799 3218 omnibus
1840 3155 2086 3218 floribus
2118 3156 2388 3231 libantes,

237 3245 366 3306 sine
399 3262 531 3305 osse
562 3252 620 3304 et
652 3244 866 3317 nervis,
897 3243 1026 3305 sine
1058 3241 1242 3322 pelle,
1273 3244 1403 3305 sine
1434 3243 1570 3322 pilis
1600 3259 1810 3321 puram
1841 3251 2044 3321 putam
2078 3260 2389 3321 proceram

238 3329 545 3392 candidam
575 3337 843 3390 teneram
875 3330 1188 3390 formosam

237 3531 443 3583 metheo
479 3529 611 3582 libro
647 3536 699 3582 et
732 3529 936 3581 additis
966 3530 1205 3579 numeris
1237 3526 1329 3579 lib.
1357 3526 1384 3578 -1
1419 3529 1504 3578 vel
1535 3526 1593 3591 ll,
1626 3526 1700 3588 fr.
1727 3526 1940 3580 425111).
1964 3524 2075 3579 XV.
2142 3526 2392 3578 Meroen-ii

237 3603 601 3651 coniecturam
636 3598 855 3651 liberato
974 3599 986 3612 ⁸
1016 3602 1298 3662 sequetur,
1341 3599 1401 3646 in
1435 3594 1511 3656 fr.
1548 3597 1647 3647 425
1693 3596 1833 3646 nihil
1875 3595 2143 3659 relinquet
2171 3600 2391 3661 praeter

236 3683 445 3719 versum
478 3682 645 3718 unum
670 3665 692 3735 Ι
715 3668 819 3718 424
849 3613 1003 3731 m.
1043 3666 1140 3719 199
1174 3666 1390 3728 cortexu
1416 3664 1518 3715 425
1554 3661 1625 3717 N.
1657 3679 1710 3730 p.
1740 3666 1832 3716 101
1873 3664 2126 3716 evireecat
2151 3662 2170 3730 n
2197 3666 2297 3717 426
2320 3662 2389 3716 Ν.

234 3752 286 3802 p.
323 3738 423 3788 417
460 3735 676 3787 vastitas
706 3736 716 3799 Ι
747 3738 844 3787 427
881 3733 949 3785 Ν.
982 3749 1038 3799 p.
1078 3734 1176 3786 172
1209 3746 1529 3785 somnumaS.
1594 3732 1890 3797 praecessit
1923 3732 2028 3783 tale
2075 3746 2178 3783 non
2213 3733 2388 3800 requie

238 3804 357 3855 mali
384 3803 405 3869 ΙΙ
429 3805 530 3856 428
565 3802 634 3855 Ν.
668 3819 721 3870 p.
761 3806 820 3855 71
861 3801 1163 3855 aritudinem
1195 3799 1205 3866 Ι
1234 3799 1568 3851 humanorum
1606 3803 1703 3850 aut
1737 3799 2098 3851 humanarum:
2138 3800 2389 3852 humanae

240 3872 487 3937 Scaliger
531 3869 542 3940 Ι
590 3871 824 3939 conquit:
863 3870 1141 3937 concoquit
1176 3868 1365 3919 Iunius
1399 3883 1505 3933 quo
1537 3867 1729 3918 melius
1764 3873 1882 3919 erat
1914 3868 2185 3936 percoquit
2224 3867 2244 3935 ΙΙ
2290 3870 2388 3921 429

236 3939 304 3992 Ν.
334 3956 392 4006 p.
430 3941 529 3992 172
565 3940 724 3991 satias
752 3939 762 4007 Ι
792 3939 1034 3991 retineret
1056 3937 1077 4005 ΙΙ
1103 3939 1201 3989 430
1236 3934 1305 3987 Ν.
1337 3951 1390 4002 p.
1430 3937 1528 3988 217
1565 3935 1814 4002 posticam
1864 3938 1873 4001 Ι
1920 3935 2110 3988 vallem
2136 3936 2157 4004 u
2184 3939 2280 3989 431
2319 3935 2389 3988 Ν.

234 4025 286 4075 p.
324 4010 424 4062 497
461 4008 788 4060 accusativus
820 4022 914 4074 pro
949 4006 1175 4059 ablativo
1200 4004 1221 4072 ΙΙ
1246 4006 1348 4056 432
1385 4002 1452 4056 Ν.
1483 4020 1537 4071 p.
1574 4004 1637 4055 27
1676 4009 1832 4070 putus
1876 4004 1886 4072 Ι
1915 4004 2091 4056 vlocat
2129 4005 2263 4055 liber
2299 4020 2388 4070 op-

239 4080 400 4127 timus
431 4075 526 4127 sed
556 4090 591 4125 v
627 4074 856 4126 deletum
