2881 4580
1183 298 1464 354 sarman
2358 303 2394 368 9

127 474 220 526 Lo
657 471 796 532 artis
826 489 1058 534 severae
1086 471 1134 534 si
1167 472 1298 552 quis
1327 472 1512 533 ambit
1541 473 1786 536 effectus
2440 482 2482 542 5

657 564 1039 636 mentemque
1069 558 1298 635 magnis
1327 558 1600 637 applicat,
1632 559 1799 639 prius
1829 577 2027 624 mores

656 641 1004 720 frugalitatis
1033 644 1162 722 lege
1193 643 1374 722 poliat
1404 651 1621 705 exacta.

657 744 770 788 nec
797 736 966 789 curet
992 728 1110 789 alto
1142 729 1361 808 regiam
1393 738 1622 790 trucem
1655 730 1819 790 vultu

158 822 189 871 5
651 811 905 875 cliensve
935 832 1114 874 cenas
1142 813 1558 893 impotentium
1591 823 1806 894 captet,

655 915 765 958 nec
795 898 1041 977 perditis
1068 899 1332 960 addictus
1364 899 1577 961 obruat
1603 899 1740 961 vino

654 983 870 1045 mentis
899 983 1175 1059 calorem,
1208 1003 1353 1046 neve
1384 984 1623 1065 plausor
1650 985 1711 1045 in
1746 1001 2018 1046 scaenam

652 1068 851 1129 sedeat
880 1068 1222 1148 redemptus
1251 1069 1557 1131 histrionis
1586 1071 1655 1131 ad
1686 1069 1889 1131 rictus.

551 1153 651 1213 sed
683 1153 803 1214 sive
833 1154 1158 1232 armigerae
1188 1154 1386 1216 rident
1413 1155 1737 1216 Tritonidis
1768 1173 1953 1226 arceS,

127 1247 188 1298 10
545 1255 651 1299 seu
680 1237 1148 1301 Lacedaemonio
1180 1239 1354 1301 tellus
1384 1240 1639 1301 habitata
1671 1240 1885 1302 colono

552 1323 899 1385 Sirenumve
928 1326 1158 1399 domus,
1190 1326 1288 1386 det
1316 1325 1541 1404 primos
1571 1324 1838 1386 versibus
1869 1343 2059 1386 annos

551 1409 1006 1488 Maeoniumque
1037 1409 1201 1471 bibat
1228 1409 1381 1471 felici
1413 1418 1655 1490 pectore
1687 1411 1950 1471 sontem..

549 1512 687 1555 mox
717 1504 775 1555 et
804 1494 1103 1557 Socratico
1133 1496 1350 1576 plenus
1378 1514 1559 1575 grege
1588 1495 1778 1556 mittat
1807 1493 2066 1556 habenas

549 1578 701 1639 liber
734 1589 791 1640 et
820 1580 1080 1659 ingentis
1112 1581 1334 1660 quatiat
1362 1579 1779 1642 Demosthenis
1808 1597 1986 1641 arma.

131 1671 189 1722 15
549 1664 689 1726 hinc
720 1665 984 1726 Romana
1013 1684 1225 1727 manus
1255 1666 1624 1727 circumfluat
1652 1674 1710 1726 et
1738 1666 1913 1726 modo
1939 1663 2114 1726 Graio

550 1758 863 1810 exonerata
897 1769 1045 1812 sono
1077 1759 1266 1813 mutet
1295 1753 1519 1814 suffusa
1549 1768 1838 1830 saporem.

549 1834 846 1895 interdum
878 1835 1165 1897 subducta
1197 1837 1328 1897 soro
1361 1837 1460 1897 det
1488 1837 1701 1915 pagina
1733 1853 1974 1898 cursum

549 1929 608 1980 et
636 1921 870 1981 fortuna
903 1929 1078 1982 sonet
1106 1921 1285 1982 celeri
1315 1922 1587 1983 distincta
1619 1931 1814 1982 meatu

548 2004 690 2065 dent
719 2005 923 2084 epulas
954 2012 1014 2066 et
1042 2006 1190 2067 bella
1222 2008 1376 2068 truci
1406 2016 1730 2068 memorata
1761 2024 1978 2068 canore

130 2097 190 2148 20
548 2090 910 2169 grandiaque
942 2090 1212 2153 indomiti
1244 2091 1547 2153 Ciceronis
1576 2093 1753 2152 verba
1786 2091 2065 2153 minetur.

548 2174 641 2235 his
670 2176 930 2236 animum
963 2177 1243 2256 succinge
1276 2178 1478 2239 bonis:
1509 2177 1595 2238 sic
1624 2177 1867 2238 flumine
1896 2177 2057 2256 largo

548 2260 762 2340 plenus
793 2261 986 2323 Pierio
1018 2263 1306 2325 defundes
1336 2271 1579 2344 pectore
1611 2261 1825 2323 verba.'

328 2344 469 2405 dum
501 2345 662 2407 hunc
695 2347 1031 2426 diligentius
1061 2348 1266 2420 audin,
1302 2366 1421 2408 non
1458 2348 1653 2409 notavi
1683 2347 1825 2407 mihi
1856 2346 2071 2426 Ascylti
2103 2346 2301 2424 fugam
2439 2348 2481 2410 6

244 2436 304 2490 et
333 2430 473 2490 dum
507 2430 567 2490 in
598 2431 713 2493 hoc
743 2432 1035 2493 dictorum
1065 2442 1229 2494 aestu
1260 2434 1321 2493 in
1352 2433 1539 2494 hortis
1570 2433 1801 2504 inced0,
1847 2433 2060 2510 ingens
2089 2430 2392 2493 scholasti-

134 2522 193 2573 25
241 2531 448 2575 corum
497 2515 670 2576 turba
714 2517 775 2577 in
824 2518 1118 2596 porticum
1162 2518 1354 2591 venit,
1401 2526 1468 2579 ut
1511 2516 1862 2597 apparebat,
1909 2515 1981 2577 ab
2012 2515 2393 2596 extemporali

243 2600 672 2662 declamatione
705 2602 904 2664 nescio
935 2604 1134 2676 cuius,
1167 2603 1270 2681 qui
1300 2603 1760 2682 Agamemnonis
1788 2602 2111 2664 suasoriam
2143 2619 2392 2680 excepe-

241 2695 352 2749 rat.
409 2686 553 2746 dum
596 2705 737 2765 ergo
783 2687 1025 2749 iuvenes
1054 2688 1379 2750 sententias
1413 2688 1609 2749 rident
1641 2688 2029 2767 ordinemque
2059 2687 2240 2748 totius
2270 2687 2393 2747 dic-

241 2770 426 2831 tionis
454 2771 775 2846 infamant,
823 2782 1162 2852 opportune
1195 2772 1447 2834 subduxi
1478 2792 1573 2834 me
1606 2782 1663 2834 et
1693 2774 1912 2835 cursim
1943 2774 2221 2853 Ascylton
2253 2789 2391 2852 per-

241 2856 410 2934 sequi
458 2856 648 2935 coepi.
709 2859 809 2919 sed
858 2877 967 2920 nec
1011 2859 1162 2920 viam
1207 2859 1521 2938 diligenter
1565 2859 1836 2920 tenebam
1871 2853 2052 2942 [quia]
2087 2877 2199 2919 nec
2234 2857 2391 2937 quod

134 2949 195 2999 80
240 2941 537 3001 stabulum
586 2952 738 3003 esset
781 2941 1057 3003 sciebam.
1129 2937 1326 3022 itaque
1373 2962 1731 3023 quocunque
1777 2944 1994 3017 ieram,
2042 2943 2247 3005 eodem
2291 2960 2392 3002 re-

236 3025 542 3099 vertebar,
590 3027 781 3088 donec
827 3036 885 3087 et
914 3046 1091 3089 cursu
1125 3029 1394 3107 fatigatus
1425 3039 1484 3090 et
1513 3030 1728 3090 sudore
1761 3030 1875 3089 iam
1903 3028 2145 3090 madens
2174 3027 2390 3088 accedo

241 3110 536 3171 aniculam
586 3111 910 3190 quandam,
957 3131 1105 3192 quae
1150 3123 1379 3191 agreste
1424 3114 1594 3175 holus
1624 3115 1944 3186 vendebat,
1991 3123 2050 3174 et
2080 3112 2265 3190 ‘rogo’
2294 3112 2387 3172 in·
2436 3117 2474 3177 7

241 3214 420 3273 quam
453 3201 692 3271 ‘mater‚
739 3198 1025 3276 numquid
1059 3198 1175 3259 scis
1206 3198 1305 3259 ubi
1341 3217 1449 3278 ego
1481 3198 1738 3260 habitem
1755 3197 1802 3259 ‘l'
1862 3200 2145 3259 delectata
2175 3208 2262 3259 est
2292 3198 2390 3257 illa

240 3281 579 3343 urbanitate
622 3292 740 3343 tam
773 3282 950 3343 stulta
981 3291 1041 3344 et
1071 3283 1302 3362 ‘quidni
1345 3285 1524 3346 sciam
1543 3282 1590 3344 ‘I'
1635 3285 1854 3363 inquit,
1900 3283 2392 3360 consurrexitque

128 3374 191 3424 35
239 3375 299 3427 et
327 3367 526 3447 coepit
555 3385 651 3428 me
680 3368 1053 3446 praecedere.
1114 3369 1365 3430 divinam
1400 3388 1510 3448 ego
1541 3369 1817 3448 putabam
1851 3377 1910 3429 et

413 3451 668 3514 subinde
711 3460 780 3513 ut
807 3452 868 3512 in
915 3453 1110 3514 locum
1156 3455 1534 3515 secretiorem
1564 3455 1848 3527 venimus,
1896 3460 2212 3514 centonem
2244 3469 2426 3532 anus,

239 3537 468 3598 urbana
500 3536 706 3598 reiecit
736 3547 794 3598 et
825 3537 956 3598 ‘hic'
988 3538 1183 3618 inquit
1212 3539 1414 3600 ‘debes
1444 3539 1741 3601 habitare’.
1802 3557 1935 3599 cum
1969 3556 2079 3616 ego
2112 3555 2390 3617 negarem

238 3640 336 3683 me
391 3640 715 3702 agnoscere
768 3622 1041 3696 domum,
1099 3624 1266 3685 video
1313 3626 1593 3703 quosdam
1642 3625 1797 3685 inter
1840 3623 2043 3686 titulos
2086 3625 2395 3703 nudasque

416 3860 441 3912 1
481 3862 618 3909 amat
644 3857 663 3924 ΙΙ
689 3860 718 3909 3
754 3856 946 3924 polleat
967 3857 987 3926 ΙΙ
1017 3862 1045 3911 7
1073 3873 1224 3910 scena
1250 3858 1270 3923 ΙΙ
1299 3862 1327 3912 8
1357 3859 1593 3911 histrioni
1632 3859 1900 3926 addictus‘ss
1922 3863 1977 3911 11
2019 3858 2352 3925 Sirenumque
2374 3855 2397 3925 ΙΙ

244 3928 306 3978 16
345 3929 546 3977 mutent
582 3926 814 3976 Haasius
838 3925 857 3992 ΙΙ
886 3930 945 3979 17
984 3941 1187 3979 versum
1213 3928 1461 3978 Heinsius
1478 3928 1579 3993 1118
1618 3928 1833 3980 fraterna
1874 3932 1925 3978 et
1963 3930 2023 3981 19
2060 3927 2191 3979 dona
2230 3931 2392 3991 temp-

238 3996 357 4046 tavi
381 3994 399 4061 ΙΙ
426 3997 492 4047 20
518 3994 807 4060 minenturss
846 3996 911 4047 24
945 3994 1044 4047 hoc
1079 4001 1224 4048 aestu
1249 4011 1416 4048 rerum
1442 4001 1613 4048 motus
1637 3995 1817 4048 incedo
1842 3997 2127 4047 Ber-nensis
2151 3994 2170 4061 ΙΙ
2196 3996 2259 4046 29
2286 4010 2392 4061 quo

242 4062 529 4113 stabulum:
567 4067 814 4114 narratio
851 4068 1127 4129 amputata
