2881 4580
1221 302 1501 357 SATIRAE
2340 303 2421 363 25

161 492 255 544 ΠΙ,
271 475 345 538 ad
374 494 701 551 summam,
749 493 916 537 mero
959 475 1205 538 meridie
1248 478 1298 539 si
1342 478 1554 540 dixerit
1584 477 1665 539 illi
1701 477 1974 540 tenebras
2003 496 2162 552 esse,
2209 479 2427 541 credet.

186 578 242 629 Η
276 559 287 646 Ι
319 561 447 641 ipse
494 562 685 624 nescit
728 562 869 640 quid
913 561 1155 635 habeat,
1200 563 1344 623 adeo
1375 563 1640 643 saplutus
1680 572 1799 635 est3
1843 563 1943 624 sed
1990 564 2134 625 haec
2176 563 2425 643 lupatria

266 646 541 728 providet
586 647 787 707 omnia
832 656 890 708 et
933 646 1035 707 ubi
1081 664 1203 707 non
1235 657 1429 727 putes.
1496 658 1586 711 est
1628 648 1810 722 sicca,
1855 648 2084 721 sobria,
2129 648 2424 710 bonorum

266 731 655 794 consiliorum
700 732 949 810 [tantum
979 732 1105 792 auri
1136 732 1349 811 videsJ,
1395 743 1486 795 est
1527 743 1724 795 tamen
1774 732 1956 794 malae
1985 733 2250 813 linguae,
2295 735 2426 814 pica

194 826 223 877 5
266 817 610 897 pulvinaris.
673 834 850 895 quem
881 826 1068 890 amat,
1100 827 1287 891 amat;
1333 836 1511 897 quem
1542 836 1664 879 non
1696 828 1879 892 amat,
1912 837 2036 879 non
2068 827 2239 879 amat.
2301 821 2426 898 ipse

269 901 632 963 Trimalchio
677 902 894 964 fundos
938 901 1145 975 habet,
1192 920 1307 980 qua
1350 904 1508 964 milvi
1552 904 1781 976 volant,
1826 920 2206 965 nummorum
2253 921 2427 965 num-

269 1004 422 1049 mos.
481 996 793 1065 argentum
824 988 887 1048 in
920 986 1141 1049 ostiarii
1172 988 1328 1049 illius
1358 989 1503 1050 cella
1532 989 1667 1069 plus
1697 988 1877 1061 iacet,
1912 1006 2085 1068 quam
2118 989 2427 1068 quisquam

273 1072 333 1133 in
367 1072 626 1133 fortunis
655 1071 848 1133 habet.
902 1072 1116 1133 familia
1147 1091 1283 1133 vero
1315 1073 1501 1134 babae
1532 1072 1732 1144 babae,
1766 1092 1888 1134 non
1923 1074 2287 1135 mehercules
2314 1091 2428 1153 pu-

271 1166 335 1218 to
367 1156 676 1218 decumam
705 1166 934 1236 partem
967 1176 1093 1219 esse
1124 1175 1274 1236 quae
1305 1158 1610 1220 dominum
1643 1177 1816 1220 suum
1848 1159 2096 1220 noverit.
2165 1160 2234 1219 ad
2265 1177 2429 1220 sum·

165 1251 223 1302 10
267 1260 462 1314 mam,
508 1243 772 1320 quemvis
816 1260 887 1302 ex
932 1242 1058 1304 istis
1090 1242 1419 1304 babaecalis
1450 1243 1511 1303 in
1550 1252 1718 1304 rutae
1749 1243 1953 1304 folium
1984 1243 2255 1305 coniciet.
2316 1262 2427 1305 nec
2449 1245 2535 1309 38

273 1336 368 1388 est
396 1326 554 1405 quod
586 1336 759 1406 putes
801 1327 965 1388 illum
1011 1328 1324 1406 quicquam
1371 1346 1584 1389 emere.
1651 1329 1848 1388 omnia
1880 1329 2037 1389 domi
2068 1338 2425 1390 nascuntur:

272 1412 442 1485 lana,
488 1413 730 1485 cedrae‚
775 1411 974 1492 piper,
1028 1412 1179 1473 lacte
1221 1413 1609 1491 gallinaceum
1655 1413 1704 1475 si
1751 1413 2098 1491 quaesieris,
2144 1414 2428 1475 invenies.

274 1496 346 1557 ad
377 1514 699 1571 summam,
729 1515 938 1577 parum
969 1497 1051 1558 illi
1082 1497 1241 1558 bona
1271 1499 1401 1559 lana
1435 1497 1820 1573 nascebatur;
1866 1498 2076 1560 arietes
2105 1516 2138 1558 a
2170 1498 2428 1559 Tarento

218 1638 223 1643 ,
277 1582 420 1643 emit
450 1592 509 1642 et
536 1582 888 1644 testiculavit
917 1581 977 1642 in
1012 1600 1271 1661 gregem.
1332 1584 1449 1645 mel
1480 1583 1735 1644 Atticum
1782 1594 1849 1643 ut
1875 1582 2035 1644 domi
2066 1593 2430 1657 nasceretur,

168 1674 227 1727 15
271 1684 416 1747 apes
460 1665 533 1727 ab
575 1667 823 1728 Athenis
866 1667 1034 1729 iussit
1076 1668 1307 1743 afferri3
1353 1669 1546 1730 obiter
1589 1678 1649 1728 et
1688 1668 2035 1729 vernaculae
2080 1686 2230 1748 quae
2273 1678 2431 1739 sunt,

274 1752 659 1814 meliusculae
704 1769 736 1811 a
767 1751 1070 1813 Graeculis
1114 1754 1277 1813 flent.
1352 1772 1489 1815 ecce
1534 1753 1691 1814 intra
1733 1752 1842 1815 hos
1886 1754 2010 1816 dies
2054 1753 2322 1833 scripsit,
2365 1763 2434 1814 ut

274 1837 361 1898 illi
406 1856 477 1898 ex
504 1837 671 1898 India
715 1854 917 1898 semen
963 1837 1297 1899 boletorum
1340 1839 1692 1899 mitteretur.
1767 1856 1904 1899 nam
1947 1839 2162 1900 mulam
2195 1837 2432 1917 quidem

276 1922 500 1983 nullam
542 1921 754 1996 habet,
800 1940 952 2000 quae
997 1942 1119 1984 non
1167 1941 1238 1983 ex
1270 1943 1495 2002 onagro
1537 1932 1670 1984 nata
1700 1923 1789 1985 sit.
1850 1923 2012 1985 vides
2041 1932 2130 1984 tot
2158 1923 2430 1986 culcitas:

277 2007 441 2068 nulla
501 2025 624 2068 non
683 2016 788 2068 aut
829 2007 1264 2088 conchyliatum
1313 2018 1415 2069 aut
1471 2010 1815 2070 coccineum
1862 2016 2191 2069 tomentum
2237 2008 2431 2070 habet.

173 2100 234 2152 20
278 2101 441 2154 tanta
473 2103 562 2154 est
591 2092 772 2154 animi
817 2091 1137 2154 beatitudo.
1212 2093 1471 2173 reliquos
1514 2101 1707 2155 autem
1756 2094 2094 2155 collibertos
2126 2094 2252 2155 eius
2297 2111 2435 2154 cave

281 2188 655 2239 contemnas.
743 2177 906 2238 valde
949 2179 1175 2240 sucossi
1218 2187 1374 2239 sunt.
1451 2179 1610 2240 vides
1653 2179 1816 2239 illum
1864 2179 1964 2257 qui
2010 2179 2069 2238 in
2118 2179 2235 2239 imo
2283 2178 2440 2240 imus

283 2262 605 2325 recumbit:
635 2262 809 2324 hodie
840 2280 944 2325 sua
974 2264 1311 2342 octingenta
1342 2264 1621 2344 possidet.
1681 2263 1753 2324 de
1789 2263 1969 2325 nihilo
2000 2263 2201 2324 crevit.
2260 2263 2438 2325 modo

284 2349 511 2411 solebat
556 2349 708 2410 collo
754 2365 863 2410 suo
907 2349 1065 2427 ligna
1109 2357 1364 2429 portare.
1453 2350 1555 2410 sed
1606 2349 1904 2427 quomodo
1949 2348 2157 2409 dicunt
2198 2382 2281 2393 —
2326 2367 2438 2427 ego

286 2433 434 2496 nihil
467 2434 623 2506 scio,
668 2434 769 2495 sed
800 2434 988 2494 audivi
1018 2466 1103 2480 --
1135 2452 1313 2512 quom
1352 2433 1645 2494 Incuboni
1693 2433 1932 2512 pilleum
1962 2433 2283 2512 rapuisset,
2329 2430 2438 2516 [et]

180 2526 240 2577 25
285 2520 629 2581 thesaurum
658 2518 903 2580 invenit.
964 2537 1074 2598 ego
1119 2519 1342 2580 nemini
1373 2518 1638 2591 invideo,
1684 2519 1731 2580 si
1765 2519 1904 2597 quid
1938 2519 2083 2579 deus
2112 2518 2288 2579 dedit.
2350 2528 2440 2580 est

284 2613 482 2665 tamen
529 2603 641 2665 sub
688 2604 855 2683 alapa
897 2612 955 2665 et
999 2622 1120 2665 non
1152 2604 1275 2664 vult
1312 2603 1422 2665 sibi
1468 2603 1635 2665 male.
1708 2603 1906 2682 itaque
1937 2603 2203 2682 proxime
2248 2621 2439 2665 casam

285 2689 399 2751 hoc
440 2689 613 2750 titulo
657 2688 1038 2769 proscripsit:
1084 2689 1185 2749 “C.
1218 2689 1534 2769 Pompeius
1564 2689 1855 2767 Diogenes
1885 2691 1956 2749 'ex
1986 2688 2249 2750 kalendis
2278 2688 2441 2750 Iuliis

287 2774 638 2836 cenaculum
680 2774 868 2848 locat3
914 2773 1040 2852 ipse
1085 2774 1242 2834 enim
1288 2774 1528 2835 domum
1561 2773 1756 2834 emit”.
1833 2774 1970 2853 quid
2003 2773 2098 2834 ille
2131 2774 2230 2852 qui
2262 2774 2439 2834 liber-

286 2859 399 2921 tini
422 2861 556 2920 loco
589 2859 770 2931 iacet,
816 2876 993 2937 quam
1024 2859 1178 2919 bene
1222 2877 1285 2920 se
1316 2859 1539 2920 habuit.
1612 2878 1735 2919 non
1768 2859 2108 2938 impropero
2140 2859 2241 2920 illi.
2314 2878 2441 2920 ses-

180 2949 242 3000 80
285 2945 526 3006 tertium
557 2962 729 3006 suum
760 2943 901 3004 vidit
931 2944 1155 3017 decieS‚
1199 2943 1298 3004 sed
1347 2944 1496 3004 male
1541 2944 1840 3005 vacillavit.
1915 2962 2036 3005 non
2085 2954 2228 3023 puto
2274 2944 2439 3005 illum

289 3029 533 3109 capillos
576 3028 794 3091 liberos
837 3028 1088 3101 habere,
1142 3047 1254 3089 nec
1297 3029 1665 3089 mehercules
1709 3047 1813 3089 sua
1857 3029 2061 3108 culpa;
2109 3029 2233 3109 ipso
2280 3030 2439 3090 enim

290 3115 470 3175 homo
499 3114 710 3174 melior
739 3132 861 3174 non
893 3123 1013 3187 est;
1050 3114 1150 3174 sed
1183 3112 1376 3174 liberti
1407 3113 1693 3186 scelerati,
1726 3114 1827 3192 qui
1858 3114 2055 3174 omnia
2087 3117 2155 3174 ad
2188 3133 2251 3176 sc
2282 3115 2440 3175 fece-

287 3209 452 3260 runt.
524 3198 671 3259 scito
717 3207 941 3259 autem:
987 3198 1283 3259 sociorum
1331 3199 1443 3259 olla
1481 3199 1630 3259 male
1660 3200 1872 3271 fervet,
1918 3208 1977 3259 et
2005 3198 2106 3259 ubi
2137 3198 2318 3259 semel
2346 3217 2444 3259 res

287 3284 568 3346 inclinata
599 3291 714 3356 est,
762 3282 931 3344 amici
961 3283 1035 3343 de
1066 3284 1277 3344 medio.
1348 3294 1405 3345 et
1436 3301 1609 3361 quam
1640 3283 1944 3345 honestam
1981 3283 2437 3362 negotiationem

184 3371 247 3422 35
289 3368 587 3442 exercuit,
631 3368 793 3446 quod
833 3368 998 3429 illum
1030 3367 1116 3429 sic
1143 3369 1318 3429 vides.
1393 3368 1748 3429 libitinarius
1779 3369 1905 3429 fuit.
1976 3368 2199 3429 solebat
2227 3369 2311 3429 sic
2342 3386 2444 3428 ce·

289 3472 468 3528 nare,
515 3454 809 3532 quomodo
842 3471 975 3513 rex:
1021 3471 1195 3532 apros
1225 3462 1601 3532 gausapatos,
1649 3471 1825 3533 opera
1855 3452 2125 3532 pistoria,
2158 3452 2304 3527 avis,
2337 3471 2442 3513 co-

290 3559 424 3614 cos,
471 3539 743 3619 pistores.
817 3538 950 3617 plus
992 3537 1111 3598 vini
1156 3537 1266 3599 sub
1307 3556 1509 3599 mensa
1542 3538 1982 3612 effundebatur,
2029 3556 2202 3616 quam
2233 3538 2442 3616 aliquis

291 3625 351 3686 in
385 3624 535 3685 cella
564 3622 759 3683 habet.
832 3623 1165 3702 phantasia,
1215 3642 1335 3684 non
1382 3624 1580 3683 homo.
1657 3623 1953 3684 inclinatis
1998 3641 2233 3702 quoque
2263 3623 2444 3686 rebus

291 3710 445 3783 suis,
494 3725 631 3768 cum
672 3708 906 3769 timeret
948 3725 1026 3768 ne
1057 3708 1378 3769 creditores
1420 3708 1586 3769 illum
1632 3707 1987 3769 conturbare
2024 3708 2442 3783 existimarent,

464 3861 495 3911 2
533 3858 792 3925 eupateria
827 3857 1100 3909 Reinesius
1126 3857 1200 3925 113
1251 3863 1303 3909 et
1350 3863 1429 3909 est
1464 3857 1703 3909 Rohdius
1727 3858 1746 3925 ΙΙ
1777 3861 1838 3912 12
1889 3858 2090 3911 credrae
2118 3857 2137 3926 ΙΙ
2167 3861 2227 3911 14
2263 3862 2314 3909 et
2351 3874 2442 3910 eos

293 3926 487 3979 culavit
525 3926 544 3992 ΙΙ
583 3929 644 3977 15
683 3941 815 3992 quae
851 3931 970 3978 sunt
1004 3927 1253 3977 mutilata
1290 3931 1390 3977 aut
1425 3943 1494 3977 eoe
1530 3934 1745 3992 quaestu
1783 3933 2038 3993 corrupta
2074 3927 2094 3994 fl
2133 3928 2196 3978 22
2241 3927 2444 3977 solebat

294 3995 427 4047 collo
462 3993 618 4046 modo
644 3994 664 4060 fl
690 3996 755 4046 24
791 3997 965 4059 quom]
1015 3994 1271 4061 quomodo
1297 3993 1317 4059 ΙΙ
1343 3996 1406 4046 25
1458 3994 1501 4044 si
1548 4009 1650 4059 quo
1674 3993 1694 4062 ΙΙ
1722 3996 1787 4047 26
1834 3998 2021 4057 casam]
2072 4009 2186 4046 cum
2214 3993 2235 4061 fl
2260 3997 2324 4046 36
2360 3995 2441 4046 vis

295 4078 469 4116 cocos:
507 4077 581 4114 an
616 4062 773 4130 hieru
802 4065 865 4115 37
901 4064 1182 4128 piscatores
1217 4062 1468 4113 Heinsius
