2881 4580
1149 280 1439 337 SERMONI
1443 283 1477 338 S

223 459 531 522 aenigmata
553 457 617 508 dc
633 457 765 523 peda
789 455 943 507 oculo
962 454 1154 523 capillo
1180 458 1245 512 58

223 539 442 592 aequum
479 522 617 577 Mars
652 529 788 577 amat
825 526 891 578 34

215 607 382 660 agaga
420 595 489 646 69
559 587 760 663 ἇγᾶγαε
796 592 942 644 volut
976 591 1093 643 leno

216 661 429 727 aginavi
468 662 531 713 61

216 733 298 780 est
334 729 434 781 sub
473 727 623 796 alapa
659 731 725 782 38

217 797 426 863 alogiae
463 796 662 849 meniae
698 798 764 850 58

217 864 563 917 amasiunculi
598 868 663 918 45
733 863 1078 917 amasiuncula
1116 865 1181 917 75

217 933 499 985 ambubaia
536 935 600 985 74

220 1001 417 1053 amicus
455 1000 620 1054 amico
659 1004 722 1054 43
761 1005 828 1055 44
895 1000 950 1052 in
1000 999 1249 1067 angustiis

204 1127 208 1133 ,
290 1068 446 1121 amici
491 1074 739 1135 apparent
775 1071 835 1123 61

220 1137 438 1189 anatina
477 1137 540 1189 56

221 1206 448 1257 animam
487 1204 687 1258 ebulliit
722 1207 789 1258 42
826 1207 891 1257 62

220 1272 638 1326 antescholarius
674 1275 734 1326 81

220 1340 562 1459 apocullamus
597 1355 692 1392 nos
729 1342 794 1393 62
821 1343 882 1393 67
955 1343 1162 1392 abimus
1184 1342 1250 1392 ab

296 1425 401 1461 ocu
422 1425 473 1460 ts

225 1477 354 1529 mihi
392 1476 636 1545 apodixin
672 1476 1044 1530 defunctoriam
1095 1474 1250 1528 redde

225 1612 537 1680 apophoreti
573 1614 639 1665 40

231 1681 367 1748 apud
403 1694 462 1732 se
498 1694 600 1733 non
635 1683 716 1732 est
749 1681 846 1732 129

228 1763 418 1816 aquam
434 1748 487 1800 in
508 1763 568 1801 os
588 1762 735 1801 suum
755 1763 859 1801 non
870 1747 1091 1801 coniciet
1104 1750 1166 1800 67
1183 1749 1250 1801 42

230 1818 380 1870 arbor
416 1818 573 1868 navis
611 1818 705 1869 115

227 1884 573 1938 archisellium
610 1887 638 1936 7
644 1886 694 1935 5*

229 1952 437 2005 arietilli
473 1955 538 2006 39

229 2020 405 2074 assem
442 2021 632 2073 habeas
668 2035 834 2073 assem
874 2019 1047 2072 valeas
1072 2022 1134 2071 77
1186 2018 1251 2071 ab

300 2103 417 2142 asse
453 2089 614 2141 crevit
638 2091 702 2142 43
752 2103 868 2141 asse
891 2102 1075 2154 panem
1100 2101 1252 2156 quem

301 2157 517 2210 emisses
536 2160 603 2209 44
637 2155 977 2210 sestertiarius
1011 2156 1164 2208 horno
1184 2158 1250 2208 45

302 2226 455 2278 homo
480 2224 830 2292 dipundiarius
848 2228 916 2277 74
940 2225 1004 2278 58
1042 2227 1252 2276 matrem

303 2309 470 2347 meam
497 2293 745 2361 dupundii
771 2309 874 2346 non
899 2293 1030 2345 facio
1056 2295 1120 2347 58
1169 2308 1254 2345 co-

196 2425 200 2429 ,
301 2361 439 2414 mula
474 2362 665 2414 besalis
686 2364 750 2414 58
821 2360 1153 2430 quadrantem
1189 2360 1253 2413 de

301 2435 525 2483 stercore
561 2430 741 2483 tollere
775 2432 841 2483 43

232 2498 356 2550 mihi
393 2498 587 2551 asciam
621 2499 672 2550 in
710 2514 825 2551 crus
860 2497 1049 2565 impegi
1087 2500 1153 2551 74

237 2567 411 2619 asinus
431 2567 484 2618 in
503 2567 692 2632 tegulis
712 2569 777 2620 63
815 2566 902 2633 qui
928 2566 1126 2618 asinum
1151 2580 1254 2618 non

276 2638 494 2700 potest,
531 2640 745 2687 stratum
783 2633 958 2687 caedit-
983 2636 1050 2686 45

238 2710 316 2754 ast
352 2702 444 2755 ubi
477 2704 542 2755 99

228 2786 298 2823 au
332 2786 397 2823 au
434 2772 499 2826 ,67

238 2838 385 2891 valde
421 2837 699 2891 audaculus
735 2840 798 2890 63

225 2910 558 2959 'automatum
594 2908 661 2959 54
698 2908 796 2959 140

233 3040 504 3094 babaecali
539 3043 602 3093 37
645 3060 681 3091 α
713 3044 893 3107 βαβαί

239 3115 510 3189 postquam
567 3124 745 3162 omnes
805 3109 1090 3191 bacalusias
1138 3123 1259 3162 con-

306 3174 1031 3298 issffissmssinssss'ssss‘si‘lzfiz‘ff
1047 3249 1108 3300 61

234 3261 548 3365 {xlaenacea
583 3314 726 3380 virga
764 3316 824 3367 21

141 3393 148 3400 ·
237 3382 336 3433 iam
372 3380 450 3431 illi
486 3380 712 3434 balatum
748 3381 1006 3435 duxissem
1042 3385 1104 3435 57

240 3449 465 3501 baliscus
507 3448 751 3500 balneum
787 3452 852 3503 42

231 3517 359 3569 licet
382 3516 592 3568 barbam
617 3531 819 3569 auream
844 3517 1036 3570 habeas
1054 3519 1118 3572 58
1156 3533 1257 3571 ser·

306 3585 406 3637 vus'
441 3584 783 3636 barbatoriam
821 3585 945 3638 fecit
979 3588 1042 3639 73

232 3652 480 3705 barculae
504 3654 567 3704 67
592 3655 765 3706 simile
779 3654 923 3705 valet
944 3669 1009 3706 ac
1034 3657 1259 3707 barones

233 3722 361 3774 baro
398 3725 574 3773 noster
608 3723 672 3775 63

231 3789 377 3843 bella
411 3802 496 3841 res
530 3792 610 3841 est
633 3792 697 3843 58
747 3789 1025 3843 bellissima
1054 3792 1257 3845 occasio

308 3859 372 3909 25
410 3857 453 3909 si
494 3857 581 3909 uid
618 3857 742 3910 belli
778 3858 936 3910 habes
972 3859 1038 3913 68
1108 3859 1261 3912 dicite

304 3925 464 3992 aliqui
536 3925 659 3977 belli
695 3928 759 3978 78
832 3926 966 3979 belle
1000 3928 1097 3980 erit
1132 3929 1221 3981 46·

241 3992 371 4045 bene
404 4008 554 4045 mane
592 3996 655 4047 85
695 4021 698 4022 ’
1174 3999 1182 4006 ’

231 4061 400 4114 sudor
432 4076 526 4128 per
562 4062 814 4114 bifurcum
850 4062 1059 4115 volabat
1095 4065 1159 4116 62

341 4152 540 4198 Petronii
568 4152 730 4198 satirae
762 4153 831 4197 ed.
862 4154 923 4197 m

2249 286 2369 349 129

1349 453 1624 507 bisaccium
1660 457 1723 510 31
1766 491 1771 495 -

1347 522 1469 576 dum
1506 522 1724 575 bonatus
1743 538 1840 590 ago
1862 527 1928 578 74
1962 523 2195 585 fortasse
2224 530 2376 580 bovi-

1415 595 1577 642 natm
1613 594 1997 657 tergiversatus

1349 658 1551 711 iacebat
1588 664 1827 726 tanquam
1863 661 2012 713 bovis
2047 665 2112 715 62
2160 663 2366 716 valebat

1417 728 1605 780 bovem
1640 728 1822 780 iratum
1857 729 2040 781 tollere
2065 733 2130 784 63
2168 731 2373 785 oculum

1419 795 1631 848 bublum
1667 795 1775 848 vidi
1809 797 2052 850 maiorem
2088 802 2156 852 44

1352 877 1454 916 non
1475 863 1687 916 buccam
1706 865 1851 930 panis
1870 864 2101 919 invenire
2119 870 2187 921 44
2209 869 2372 922 bucca

1420 932 1598 995 bucca,
1634 936 1761 1000 quot
1783 936 1903 985 sunt
1927 933 2043 985 hic?
2080 936 2149 988 64
2215 935 2373 989 durae

1421 999 1613 1052 buccae
1652 999 1762 1051 *ruit
1811 1001 2080 1069 linguosus
2128 1006 2193 1057 43
2228 1048 2232 1051 .
2264 1020 2373 1058 mu-

1420 1081 1627 1120 cronem
1662 1067 1726 1120 ad
1761 1069 1973 1123 buccam
2008 1072 2225 1137 probare
2260 1077 2323 1126 70

1352 1134 1568 1188 bucinus
1596 1135 1779 1202 gallus
1815 1140 1880 1191 74
2278 1202 2279 1205 ¹

1352 1203 1665 1256 burdubasta
1685 1206 1750 1258 45
1787 1209 2136 1272 compositum
2154 1224 2181 1258 c
2202 1209 2372 1260 burdo

1420 1272 1506 1322 vel
1540 1272 1778 1324 burdonc
1813 1278 1866 1324 ct
1899 1275 2175 1328 basta-reae
2198 1278 2376 1329 basta-

1417 1355 1586 1405 gacvc
1615 1341 1934 1406 ptimordiis

1306 1526 1314 1533 ,
1354 1474 1578 1527 caccitus
1612 1476 1677 1527 63

1352 1543 1546 1610 ubique
1583 1542 1779 1596 medius
1813 1545 1986 1598 caelus
2020 1549 2102 1598 est
2135 1550 2199 1600 45
2248 1547 2374 1600 abiit

1422 1611 1473 1662 in
1510 1610 1709 1663 caelum
1745 1614 1811 1665 38

1354 1678 1556 1733 caldum
1574 1680 1759 1732 meiere
1778 1685 1832 1733 et
1849 1680 2089 1748 frigidum
2113 1687 2290 1750 potare
2307 1686 2370 1737 67

1354 1745 1744 1801 caldicerebrius
1781 1753 1846 1802 45
1884 1752 1950 1804 58

1355 1816 1596 1883 antiquus
1631 1831 1771 1869 amor
1807 1832 1989 1871 cancer
2024 1821 2103 1870 est
2140 1821 2205 1871 42

1354 1883 1496 1936 canis
1513 1884 1671 1936 salax
1688 1888 1754 1939 43
1790 1885 2017 1953 linguam
2036 1887 2269 1940 caninam
2291 1904 2379 1941 co·

1421 1951 1556 2004 medi
1594 1954 1656 2005 43
1695 1958 1903 2020 putares
1937 1969 2113 2007 canem
2148 1955 2376 2024 leporem

1422 2021 1659 2087 persequi
1684 2023 1748 2074 63
1820 2023 1997 2075 canale
2033 2024 2182 2090 lepus
2217 2026 2284 2077 56

1354 2087 1707 2142 cantabundus
1744 2090 1805 2144 61

1355 2155 1610 2208 canturire
1646 2160 1712 2210 64

1354 2223 1664 2343 carbleles46
1688 2229 1749 2275 ut
1767 2224 1900 2275 alibi
1920 2224 2118 2276 cardus
2132 2224 2233 2293 prio
2254 2242 2376 2278 car-

1460 2308 1530 2343 uo

1354 2360 1537 2413 abistis
1570 2360 1747 2413 dulces
1784 2361 1979 2413 caricae
2015 2364 2082 2414 64

1356 2428 1638 2480 carnarium
1674 2432 1732 2480 in
1769 2430 2160 2495 amphitheatro
2199 2433 2264 2483 45
2298 2432 2377 2495 (in

1425 2497 1829 2618 ‘1³32'ssssth
1844 2498 1929 2548 sic
1952 2503 2016 2549 ut
2039 2498 2194 2564 volgo
2221 2499 2288 2562 sit
2310 2502 2374 2553 95

1358 2633 1670 2701 cataphagae
1707 2635 1771 2686 39

1357 2701 1682 2768 catastropha
1720 2704 1788 2754 54

1358 2771 1389 2805 *
1414 2769 1731 2821 catomidiari
1772 2771 1867 2824 132

1359 2837 1577 2890 aedilem
1613 2853 1722 2890 non
1760 2839 1909 2889 trium
1946 2840 2238 2892 cauniarum
2275 2844 2343 2895 44

1361 2904 1541 2959 cedrae
1575 2908 1643 2959 38
1677 2900 1987 2976 κειὸρόμηλοιἸ
2016 2912 2177 2960 citu-ia

1361 2974 1475 3093 cetpi
1510 2974 1680 3094 ipsimi
1717 2975 2023 3097 cfggbeuum
2062 2979 2127 3029 76

1359 3058 1411 3094 ιιι
1436 3057 1491 3094 er
1525 3057 1583 3094 ce
1609 3058 1694 3095 era

1361 3110 1724 3164 chiramaxium
1760 3113 1823 3163 28

1360 3178 1527 3231 cicaro
1563 3194 1706 3231 meus
1742 3181 1808 3232 46
1845 3183 1903 3231 71

1360 3246 1511 3298 clavo
1549 3246 1765 3299 tabulari
1802 3246 1956 3298 fixum
1994 3252 2076 3298 est
2111 3251 2176 3301 75

1359 3314 1409 3365 in
1448 3313 1614 3366 medio
1651 3315 1787 3367 clivo
1822 3314 2053 3367 laborare
2089 3318 2154 3367 47
2214 3315 2381 3368 lassus
2480 3309 2485 3314 ’

1428 3386 1669 3450 tanquam
1706 3381 1933 3434 caballus
1969 3382 2021 3433 in
2057 3383 2192 3435 clivo
2233 3385 2330 3435 134

1361 3451 1621 3504 coctiones
1662 3453 1726 3504 14
1764 3450 1824 3502 15

1357 3535 1472 3571 cum
1484 3533 1782 3585 essescap0‚
1815 3533 1941 3570 coco
1977 3534 2102 3572 coco
2125 3522 2189 3572 59
2222 3535 2381 3572 cucu-

1422 3591 1536 3638 rirc
1568 3588 1773 3639 colchas
2410 3635 2413 3638 .

1357 3659 1588 3708 coctores
1613 3658 1677 3708 95
1729 3652 1823 3718 (cf.
1854 3654 1980 3707 CIL.
2000 3655 2084 3706 IV
2099 3655 2252 3722 1658)
2274 3673 2386 3708 scr-

1423 3727 1481 3774 vi
1514 3720 1745 3782 fortasse
1782 3723 2042 3774 culinarii

1364 3791 1410 3842 si
1446 3806 1541 3843 nos
1577 3790 1752 3843 coleos
1787 3791 2090 3844 haberemus
2126 3794 2193 3859 44
2288 3819 2296 3826 ·

1364 3858 1571 3914 colubra
1609 3863 1795 3911 restem
1832 3874 1934 3911 non
1971 3860 2103 3928 parit
2140 3863 2204 3913 45

1364 3941 1460 3980 acu
1496 3927 1770 3979 comatoria
1809 3930 1868 3980 21

1366 3999 1620 4060 computa,
1657 4000 1708 4048 et
1745 3995 1838 4047 tibi
1873 3996 1989 4065 plus
2015 3995 2081 4047 do
2109 4011 2261 4064 quam
2298 4011 2386 4049 ac-

1433 4063 1546 4131 cepi
1583 4066 1648 4117 46

1949 4152 1980 4202 9
