2881 4580
457 273 538 331 14
1377 273 1682 331 PETRONn

451 456 577 511 erat
606 455 812 527 operto
843 447 1054 528 capite,
1086 448 1180 509 illa
1209 447 1432 509 scilicet
1461 466 1613 526 quae
1637 447 1815 527 paulo
1837 455 1977 509 ante
2004 465 2141 508 cum
2169 447 2391 510 rustico
2419 457 2602 511 stete·
2616 460 2732 512 LO

449 541 569 606 rat,
623 541 682 592 et
732 536 844 593 ‘me
896 532 1185 595 derisisse'
1237 533 1432 612 inquit
1483 538 1604 595 ‘vos
1648 530 1985 612 putabatis?
2058 550 2169 611 ego
2214 552 2344 595 sum
2389 533 2606 595 ancilla

450 617 798 693 Quartillae,
844 618 1013 679 cuius
1054 637 1158 680 vos
1201 636 1433 679 sacrum
1479 626 1615 680 ante
1647 628 1910 698 cryptam
1940 617 2238 679 turbastis.
2304 637 2443 680 ecce
2473 619 2602 699 ipsa

446 703 608 764 venit
634 702 707 763 ad
736 702 1029 765 stabulum
1060 703 1326 783 petitque
1356 712 1424 763 ut
1453 702 1753 764 vobiscum
1799 702 1963 782 loqui
2001 702 2187 764 liceat.
2249 705 2432 766 nolite
2459 722 2603 785 per-

446 787 690 849 turbari.
768 807 880 849 nec
908 797 1144 850 accusat
1172 806 1435 849 errorem
1469 799 1726 850 vestrum
1770 807 1882 849 nec
1927 788 2130 867 punit,
2175 789 2355 851 immo
2400 789 2608 869 potius
2648 805 2688 856 5

445 874 721 947 miratur,
767 873 898 953 quis
942 872 1088 935 deus
1130 872 1372 935 iuvenes
1416 870 1532 934 tam
1578 872 1841 935 urbanos
1870 873 1929 934 in
1963 891 2127 935 suam
2157 875 2464 952 regionem
2494 875 2597 936 de-

348 958 424 1019 17
444 958 682 1020 tulerit.’
754 958 1085 1020 tacentibus
1115 956 1305 1020 adhuc
1338 958 1510 1020 nobis
1538 966 1598 1019 et
1625 958 1697 1018 ad
1738 966 2003 1020 neutram
2036 968 2263 1038 partem
2294 958 2599 1022 adsensio-

447 1062 584 1104 nem
616 1041 990 1105 flectentibus
1034 1043 1271 1104 intravit
1298 1044 1453 1123 ipsa,
1500 1062 1618 1104 una
1659 1043 1931 1104 comitata
1961 1043 2219 1121 virgine,
2265 1046 2600 1123 sedensque

443 1148 624 1207 super
673 1137 868 1190 torum
916 1146 1111 1190 meum
1156 1130 1255 1189 diu
1300 1129 1473 1190 flevit.
1545 1147 1614 1189 ac
1660 1147 1735 1190 ne
1779 1139 1924 1189 tunc
1969 1130 2207 1208 quidem
2253 1149 2362 1191 nos
2406 1130 2598 1191 ullum

442 1214 759 1275 adiecimus
788 1213 1054 1288 verbum,
1085 1214 1188 1275 sed
1219 1213 1451 1274 attoniti
1485 1214 1915 1293 expectavimus
1934 1213 2202 1276 lacrimas
2231 1215 2302 1276 ad
2333 1224 2595 1276 ostenta-
2644 1228 2725 1283 ιο

441 1299 667 1360 tionem
697 1298 916 1361 doloris
946 1308 1192 1378 paratas.
1252 1308 1320 1359 ut
1347 1316 1491 1378 ergo
1520 1308 1639 1360 tam
1682 1298 2024 1373 ambitiosus
2065 1299 2355 1361 detumuit
2384 1300 2593 1372 imber,

440 1385 651 1446 retexit
679 1384 999 1463 superbum
1032 1384 1208 1463 pallio
1239 1392 1415 1463 caput
1446 1393 1504 1444 et
1531 1383 1802 1445 manibus
1840 1384 1995 1449 inter
2038 1404 2101 1446 se
2129 1403 2319 1463 usque
2350 1385 2419 1446 ad
2452 1385 2595 1445 arti-

440 1471 707 1531 culorum
738 1470 1048 1549 strepitum
1078 1469 1412 1532 constrictis
1444 1474 1755 1547 ‘quaenam
1778 1468 1882 1530 est'
1912 1469 2107 1549 inquit
2137 1471 2299 1544 ‘haec
2328 1471 2594 1547 audacia,

439 1564 540 1616 aut
569 1553 671 1616 ubi
700 1554 926 1616 fabulas
956 1555 1126 1615 etiam
1158 1563 1532 1615 antecessura
1575 1554 1880 1615 latrocinia
1921 1553 2247 1617 didicistis?
2304 1555 2595 1617 misereor

438 1641 666 1702 medius
707 1640 880 1701 fidius
919 1640 1126 1713 vestri;
1172 1657 1367 1718 neque
1413 1639 1574 1699 enim
1616 1639 1859 1719 impune
1905 1640 2214 1719 quisquam
2260 1642 2418 1720 quod
2464 1660 2590 1702 non
2639 1653 2720 1707 15

436 1724 632 1798 licuit,
677 1725 959 1803 adspexit.
1032 1724 1236 1802 utique
1269 1732 1466 1785 nostra
1499 1724 1661 1802 regio
1703 1734 1820 1784 tam
1852 1725 2264 1803 praesentibus
2292 1726 2467 1806 plena
2498 1737 2595 1788 est

436 1808 809 1882 numinibus,
853 1818 921 1869 ut
948 1808 1176 1870 facilius
1204 1809 1394 1889 possis
1423 1809 1599 1870 deum
1640 1827 1816 1888 quam
1846 1811 2145 1871 hominem
2175 1810 2461 1872 invenire.
2519 1829 2593 1872 ac

435 1913 512 1956 ne
555 1913 650 1955 me
694 1894 913 1974 putetis
955 1893 1199 1955 ultionis
1241 1911 1415 1955 causa
1458 1895 1575 1955 huc
1619 1894 1883 1967 venisse,
1939 1904 2124 1956 aetate
2168 1896 2352 1975 magis
2397 1904 2592 1957 vestra
2661 1902 2674 1909 “

434 1997 808 2041 commoveor
838 1997 1013 2058 quam
1041 1978 1257 2039 iniuria
1288 1997 1434 2040 mea.
1497 1979 1906 2059 imprudentes
1935 1981 2125 2052 enim,
2158 1990 2223 2042 ut
2251 1981 2442 2043 adhuc
2469 2000 2586 2061 pu-

432 2072 526 2138 to,
571 2064 882 2126 admisistis
927 2063 1282 2143 inexpiabile
1328 2064 1540 2126 scelus.
1601 2065 1727 2143 ipsa
1772 2063 2010 2143 quidem
2055 2065 2147 2125 illa
2181 2076 2354 2128 nocte
2386 2076 2586 2127 vexata
2633 2080 2712 2134 20

430 2160 547 2210 tam
579 2150 911 2230 periculoso
942 2149 1210 2209 inhorrui
1255 2149 1506 2228 frigore,
1552 2158 1618 2209 ut
1659 2149 1943 2210 tertianae
1988 2150 2161 2211 etiam
2195 2151 2475 2229 impetum
2507 2151 2583 2212 ti-

434 2253 643 2297 meam.
721 2242 780 2296 et
822 2234 953 2296 ideo
999 2234 1346 2296 medicinam
1390 2233 1622 2296 somnio
1667 2233 1809 2315 petii
1848 2235 2122 2315 iussaque
2152 2255 2282 2299 sum
2312 2255 2415 2300 vos
2443 2254 2583 2318 per-

433 2322 669 2402 quirere
713 2329 889 2401 atque
933 2321 1218 2400 impetum
1263 2320 1457 2381 morbi
1501 2329 1824 2381 monstrata
1869 2321 2184 2384 subtilitate
2214 2323 2417 2384 lenire.
2479 2324 2583 2384 sed

432 2407 504 2467 de
549 2406 810 2467 remedio
857 2425 978 2467 non
1026 2414 1145 2466 tam
1189 2406 1351 2467 valde
1397 2405 1636 2478 laboro;
1681 2406 1868 2466 maior
1910 2407 2067 2468 enim
2115 2408 2174 2468 in
2220 2407 2582 2488 praecordiis

432 2491 605 2552 dolor
634 2492 843 2563 saevit,
891 2491 990 2571 qui
1036 2510 1130 2551 me
1175 2509 1363 2569 usque
1409 2491 1478 2551 ad
1521 2492 1923 2552 necessitatem
1954 2494 2162 2553 mortis
2192 2493 2454 2566 deducit,
2502 2513 2583 2555 ne
2628 2508 2706 2561 25

426 2576 656 2637 scilicet
699 2576 936 2637 iuvenili
981 2575 1217 2655 impulsi
1262 2576 1496 2636 licentia
1544 2576 1702 2654 quod
1745 2577 1805 2637 in
1851 2576 2063 2638 sacello
2102 2578 2297 2658 Priapi
2338 2578 2578 2652 vidistiS,

426 2662 677 2740 vulgetis
722 2661 1088 2738 deorumque
1133 2660 1375 2721 consilia
1422 2661 1733 2739 proferatis
1785 2660 1845 2722 in
1891 2662 2195 2742 populum.
2283 2664 2578 2744 protendo

424 2747 605 2826 igitur
634 2745 704 2805 ad
738 2763 934 2823 genua
965 2752 1156 2805 vestra
1183 2745 1423 2824 supinas
1453 2764 1666 2807 manus
1688 2754 1944 2826 petoque
1976 2757 2034 2808 et
2064 2766 2188 2821 oro,
2221 2768 2297 2809 ne
2329 2757 2575 2809 noctur-

426 2851 532 2893 nas
561 2831 879 2909 religiones
911 2830 1104 2890 iocum
1135 2830 1437 2909 risumque
1470 2831 1723 2906 faciatis,
1757 2850 1904 2892 neve
1934 2833 2241 2894 traducere
2272 2833 2458 2896 velitis
2489 2842 2576 2895 tot

423 2934 717 2977 annorum
749 2924 993 2987 secreta,
1026 2933 1176 2994 quae
1207 2916 1298 2975 vix
1329 2916 1488 2976 mille
1518 2916 1789 2978 homines
1821 2917 2155 2979 noverunt.’
2621 2932 2697 2986 30

323 3002 401 3065 18
592 3001 919 3062 secundum
951 3000 1104 3060 hanc
1138 3000 1616 3080 deprecationem
1659 3001 1927 3063 lacrimas
1972 3020 2177 3064 rursus
2222 3002 2427 3064 effudit
2470 3021 2574 3082 ge-

421 3085 780 3164 mitibusque
825 3085 1001 3162 largis
1045 3103 1331 3147 concussa
1375 3094 1499 3147 tota
1542 3086 1690 3147 facie
1735 3104 1803 3147 ac
1847 3095 2089 3167 pectore
2135 3097 2329 3148 torum
2375 3106 2573 3149 meum

419 3170 651 3252 pressit.
726 3188 834 3248 ego
880 3171 1085 3230 eodem
1129 3179 1398 3250 tempore
1444 3180 1504 3232 et
1547 3171 1944 3232 misericordia
1991 3172 2262 3234 turbatus
2302 3181 2361 3234 et
2389 3182 2570 3247 metu,

419 3257 644 3317 bonum
689 3256 949 3317 animum
994 3255 1210 3316 habere
1254 3274 1381 3316 eam
1425 3256 1567 3317 iussi
1614 3265 1673 3316 et
1714 3257 1786 3316 de
1825 3264 2078 3337 utroque
2111 3277 2238 3319 esse
2267 3275 2567 3319 securam:

420 3360 557 3402 nam
603 3360 796 3419 neque
840 3358 1003 3401 sacra
1048 3358 1403 3419 quemquam
1431 3342 1834 3419 vulgaturum,
1881 3351 1940 3403 et
1980 3342 2217 3422 siquod
2263 3352 2572 3423 praeterea
2617 3357 2689 3410 35

419 3427 573 3488 aliud
616 3425 943 3487 remedium
986 3425 1058 3486 ad
1103 3426 1413 3486 tertianam
1473 3425 1620 3488 deus
1661 3426 1742 3487 illi
1792 3436 2207 3502 monstrasset,
2266 3429 2570 3489 adiuvatu-

419 3530 518 3573 ros
550 3531 659 3572 nos
688 3510 941 3572 divinam
972 3511 1398 3589 providentiam
1430 3511 1521 3572 vel
1564 3512 1829 3591 periculo
1878 3522 2099 3574 nostro.
2161 3513 2403 3574 hilarior
2431 3523 2571 3592 post

417 3597 573 3658 hanc
601 3595 1083 3675 pollicitationem
1112 3597 1262 3656 facta
1294 3596 1505 3657 mulier
1546 3596 1786 3658 basiavit
1828 3615 1922 3657 me
1965 3597 2244 3677 spissiuS,
2290 3608 2350 3659 et
2380 3616 2451 3659 ex
2482 3597 2568 3658 la-

589 3766 616 3816 1
653 3761 742 3813 illa
761 3791 827 3800 —
846 3765 1060 3814 steterat
1084 3767 1341 3828 tanquam
1360 3779 1447 3816 ex.
1464 3780 1517 3829 p.
1543 3766 1621 3830 12,
1647 3767 1715 3818 34
1730 3764 1867 3815 male
1884 3768 2115 3831 repetita
2132 3765 2403 3816 Iacobsius
2420 3765 2562 3816 dam-

416 3833 581 3882 nabat
603 3831 622 3897 ΙΙ
647 3832 676 3881 3
705 3845 900 3882 sacram
929 3831 969 3881 Ο
997 3829 1017 3898 ΙΙ
1040 3834 1068 3883 7
1108 3837 1279 3883 autem
1314 3830 1483 3882 adbuc
1506 3834 1592 3883 vel
1624 3832 1791 3884 adhuc
1827 3836 1998 3885 autem
2037 3834 2163 3884 libri
2198 3834 2408 3898 aliquot
2434 3832 2445 3900 Ι
2475 3832 2567 3884 ad-

416 3902 754 3950 sentationem
791 3900 810 3963 ΙΙ
854 3902 913 3952 10
964 3899 1306 3964 spectavimus
1356 3899 1647 3951 Sambucus
1684 3900 1703 3966 [1
1743 3904 1797 3952 11
1859 3906 1915 3953 ιιι
1967 3916 2087 3953 vero
2142 3900 2188 3951 L
2230 3901 2239 3967 Ι
2278 3902 2513 3953 detonuit
2546 3901 2571 3968 ΙΙ

417 3969 482 4020 20
522 3967 655 4018 curis
690 3970 788 4018 aut
824 3966 1092 4019 insomniis
1129 3971 1377 4018 omissum
1406 3973 1543 4033 puto
1579 3973 1701 4020 ante
1748 3973 1932 4021 vexata
1969 3969 1988 4036 fl
2027 3971 2093 4022 22
2128 3983 2309 4022 somno
2335 3968 2355 4035 ΙΙ
2382 3970 2444 4021 23
2482 3984 2565 4021 sa·

416 4035 661 4087 lubritate
698 4035 947 4087 Heinsius
972 4033 992 4102 ΙΙ
1018 4037 1082 4088 26
1118 4034 1341 4101 impulsu
1377 4034 1640 4089 licentiam
1680 4037 1720 4087 Ο
