2881 4580
427 312 458 369 1
470 311 551 370 64
1334 310 1665 373 VARRONIS

689 575 692 578 .
1296 484 1375 544 III
1405 481 1725 567 (spurium)-

301 656 308 662 ,
345 598 376 648 8
827 585 967 665 quid
999 585 1317 647 tristiorem
1346 586 1515 646 video
1546 595 1605 646 te
1636 603 1764 646 esse
1799 604 1974 663 quam
2005 586 2298 661 antidhac‚

828 669 1193 751 Lampadio?
1224 670 1513 750 numquid
1546 670 1845 732 familiaris
1874 671 2030 732 filius

827 766 1001 831 amat,
1033 776 1145 817 nec
1174 775 1311 835 spes
1340 765 1427 817 est
1459 754 1634 815 auxili
1667 757 2014 833 argentaria,

826 841 1078 920 ideoque
1111 841 1385 921 scapulae
1415 849 1692 902 metuunt
1720 840 2164 920 virgidemiam?

342 1038 373 1088 9
824 1027 969 1088 haec
999 1037 1311 1107 postquam
1343 937 1697 1100 diiiihgzggdit
1727 1027 1867 1087 citu’
1899 1027 2080 1088 celsu'
2111 1027 2342 1088 tolutim

320 1224 377 1274 10
622 1213 789 1294 pueri
825 1213 1100 1274 obscenis
1128 1213 1322 1274 verbis
1352 1129 1854 1293 nozaijlmptulae
1884 1232 2058 1275 aures
2088 1222 2357 1275 returant

322 1398 376 1461 11
634 1401 800 1478 virgo
834 1400 906 1460 de
937 1400 1203 1461 convivio
1236 1315 1739 1462 abdugtfflideo
1771 1399 1929 1478 quod
1962 1400 2211 1461 maiores
2243 1401 2434 1463 nostri
2466 1402 2586 1463 vir-

420 1486 573 1567 ginis
610 1485 856 1546 acerbae
887 1485 1044 1547 auris
1074 1485 1325 1547 veneriis
1356 1485 1655 1546 vocabulis
1685 1485 1871 1546 imbui
1905 1486 2230 1547 noluerunt

232 1674 240 1683 '
314 1685 374 1734 12
630 1682 688 1733 et
715 1672 883 1751 pueri
917 1673 975 1732 in
1012 1671 1254 1732 aedibus
1284 1586 1803 1752 saepiusffledibus
1833 1672 2145 1747 offensam,
2193 1673 2334 1733 dum
2366 1691 2584 1734 recen-

421 1768 508 1819 tes
541 1765 805 1819 musteos
835 1757 1199 1845 in'carnario
1229 1757 1461 1817 fluitare
1491 1756 1826 1837 suspiciunt

395 1912 400 1917 ,
1375 1858 1505 1918 VIII
1539 1857 1630 1942 (7)

317 1954 373 2005 13
630 1943 770 2022 quid
824 1941 1051 2005 multa?
1103 1944 1291 2004 factus
1342 1962 1477 2005 sum
1520 1943 1887 2024 vespertilio,
1941 1962 2136 2022 neque
2188 1943 2248 2004 in
2306 1945 2582 2007 muribus

419 2029 596 2109 plane
630 2047 824 2108 neque
857 2029 917 2089 in
950 2028 1288 2090 volucribus
1319 2047 1452 2090 sum

1360 2130 1519 2190 VIIII
1551 2131 1637 2208 (8)

318 2227 375 2278 14
630 2215 939 2277 Duloreste
971 2216 1073 2294 qui
1104 2215 1322 2276 merita·
1342 2216 1643 2310 hominem
1675 2224 1734 2276 et
1762 2233 1999 2276 servum
2030 2214 2168 2275 facit

1325 2382 1455 2435 AGE
1492 2382 1686 2434 MODO*

1425 2487 1451 2547 1
1483 2488 1573 2565 (1)

321 2586 377 2635 15
1365 2573 1524 2649 Argo
1557 2572 1881 2633 citiremem

455 2677 456 2680 ’
1415 2674 1468 2734 II
1500 2676 1588 2752 (2)

320 2773 377 2822 16
403 2817 406 2820 ,
631 2757 725 2820 hic
750 2759 945 2818 Aenea
1331 2787 1334 2788 ν
1425 2802 1429 2806 «

1023 2918 1030 2926 .
1398 2843 1480 2903 llI
1513 2845 1598 2918 (3)

319 2942 376 2991 17
632 2938 785 2988 terra
833 2927 1097 2988 culturae
1141 2946 1313 2988 causa
1356 2928 1635 2989 attributa
1681 2927 1817 2987 olim
1873 2926 2265 3006 particulatim
2320 2929 2579 2989 homini-

421 3014 551 3088 bus,
582 3022 648 3073 ut
676 3012 914 3073 Etruria
944 3013 1169 3088 Tuscis,
1203 3013 1507 3074 Samnium
1539 3013 1786 3074 Sabellis

1146 3179 1300 3231 AIAX
1338 3178 1861 3232 STRAMENTICIVS

273 3351 278 3356 ,
319 3298 375 3349 18
630 3285 738 3345 hac
782 3302 846 3343 re
898 3301 1073 3361 aeger
1103 3267 1361 3344 medicos
1395 3284 1729 3363 exquisitim
1761 3282 2139 3357 convocabat,
2173 3291 2238 3344 ut
2268 3284 2574 3346 convales-

421 3378 582 3431 ceret

594 3541 623 3591 8
659 3537 726 3589 N.
749 3553 813 3601 p.
852 3538 947 3588 187
973 3533 1359 3599 virgindemiam
1386 3534 1405 3601 ΙΙ
1431 3538 1463 3588 9
1484 3535 1549 3587 Ν.
1568 3551 1622 3600 p.
1650 3538 1681 3587 4
1706 3533 1910 3586 tolutim
1938 3534 1957 3598 ΙΙ
1984 3537 2046 3586 10
2064 3532 2132 3585 Ν.
2152 3549 2206 3599 p.
2231 3537 2575 3589 167‘returare

424 3610 476 3655 et
507 3620 558 3671 p.
596 3608 692 3658 357
734 3605 1010 3666 obscenum
1036 3602 1055 3669 ΙΙ
1085 3606 1142 3656 11
1183 3602 1251 3655 N.
1264 3619 1323 3668 p.
1343 3606 1439 3656 247
1481 3605 1718 3655 acerbum
1754 3606 1807 3652 et
1835 3619 1888 3668 p.
1917 3603 2011 3653 521
2052 3601 2282 3659 imbuere
2313 3604 2322 3669 Ι
2354 3604 2577 3657 abduce-

421 3673 572 3724 batur
604 3674 962 3725 Baelzrensius
986 3671 1005 3737 ΙΙ
1034 3673 1096 3724 12
1131 3670 1198 3721 Ν.
1227 3686 1281 3735 p.
1321 3674 1420 3724 400
1459 3672 1717 3737 suspicere
1747 3670 1758 3738 Ι
1788 3670 2048 3721 fluitantes
2086 3670 2527 3737 Laurenbergius
2559 3672 2580 3737 ΙΙ

427 3743 488 3794 13
524 3739 591 3792 Ν.
614 3757 667 3806 p.
706 3744 773 3792 47·
807 3739 1105 3805 vespertilio
1133 3739 1152 3806 ΙΙ
1181 3742 1244 3792 14
1268 3739 1333 3791 Ν.
1355 3756 1409 3805 p.
1436 3742 1532 3800 345
1572 3746 1731 3792 meret
1763 3738 1771 3804 Ι
1801 3738 2033 3799 fortasse
2059 3742 2221 3789 meret
2244 3739 2540 3793 alimoniam
2567 3741 2572 3808 1

422 3823 479 3860 se
516 3823 719 3860 servum
754 3807 1022 3858 Mer-cerus
1052 3807 1060 3874 Ι
1091 3808 1386 3858 adhaerent
1422 3814 1678 3874 tanquam
1704 3808 2052 3860 Varroniana
2088 3805 2225 3858 unde
2261 3812 2312 3859 et
2349 3824 2580 3861 mercen-

423 3876 549 3927 narii
586 3884 638 3928 et
674 3876 967 3927 meretrices
1003 3876 1239 3926 dicuntur
1417 3913 1420 3916 -

597 3947 658 3997 15
699 3944 975 3995 Charisius
1003 3960 1056 4009 p.
1086 3945 1182 3997 118
1210 3942 1267 3994 K.
1290 3942 1309 4010 ΙΙ
1341 3946 1403 3996 16
1443 3943 1715 3994 Charisius
1747 3958 1800 4007 p.
1839 3944 1903 3994 66
1940 3946 1993 3992 et
2022 3959 2075 4007 p.
2106 3942 2338 4012 1201117
2366 3944 2580 3995 Philar-

416 4014 615 4079 gyrius
650 4012 811 4075 Verg.
840 4027 1030 4075 georg:
1062 4010 1100 4062 11
1139 4014 1232 4063 167
1371 4023 1372 4026 ’
1562 4017 1569 4026 “
2402 4065 2405 4066 γ

597 4081 658 4132 18
695 4078 905 4130 Nonius
936 4096 988 4144 p.
1027 4080 1124 4131 513
1161 4077 1453 4145 exquisitim
1483 4076 1493 4145 Ι
1525 4078 1845 4129 convocabas
