2881 4580
421 265 502 324 66
1328 265 1632 318 ΡΕΤΒΟΝῘΙ

417 438 743 518 respiciens
786 437 858 498 ad
902 437 1240 518 Eumolpon
1288 445 1357 499 ‘o
1402 437 1744 518 poetarum’
1791 438 1986 517 inquit
2029 436 2463 511 ‘disertissime,
2507 446 2689 497 tuLO

421 522 593 586 eras?
639 532 697 584 et
727 542 846 584 non
896 523 1211 586 discedunt
1239 526 1405 586 ocius
1451 523 1796 603 nequissimi
1829 523 1983 584 servi
2012 540 2345 601 manusque
2376 520 2572 582 conti-

421 617 570 670 nent
597 627 630 669 a
670 608 795 669 rixa
807 605 856 668 ‘l'

1488 713 1523 752 *

584 780 594 856 Ι
636 777 1101 839 ‘contubernalis
1155 795 1285 838 mea
1331 777 1472 839 mihi
1518 779 1731 839 fastum
1776 777 1930 838 facit.
2006 777 2115 851 ita,
2161 777 2209 838 si
2255 794 2351 838 me
2397 779 2645 848 amaS‚L

424 862 674 925 maledic
704 862 860 924 illam
892 861 1179 938 versibuS‚
1216 872 1283 924 ut
1309 862 1523 923 habeat
1551 862 1861 943 pudorem'
2625 869 2655 919 5

1491 969 1524 1007 *

322 1040 402 1103 97
596 1034 734 1094 dum
767 1032 1097 1113 Eumolpus
1127 1051 1260 1093 cum
1293 1033 1542 1112 Bargate
1573 1033 1632 1093 in
1665 1041 1897 1094 secreto
1927 1031 2209 1110 loquitur,
2245 1030 2429 1092 intrat
2457 1039 2576 1091 sta-

425 1119 631 1180 bulum
661 1137 879 1199 praeco
912 1136 1044 1179 cum
1077 1136 1246 1179 servo
1277 1118 1517 1198 publico
1550 1118 1779 1196 aliaque
1803 1135 1946 1179 sane
1967 1117 2197 1178 modica
2220 1117 2577 1194 frequentia,

424 1207 734 1282 facemque
778 1204 1066 1265 fumosam
1111 1203 1298 1282 magis
1343 1222 1520 1284 quam
1565 1203 1817 1264 lucidam
1850 1221 2137 1281 quassans
2165 1202 2309 1263 haec
2339 1199 2577 1280 procla-

422 1289 631 1351 mavit:
670 1295 841 1368 ‘puer
870 1290 931 1349 in
963 1288 1177 1349 balneo
1209 1289 1383 1368 paulo
1414 1298 1555 1350 ante
1582 1287 1904 1362 aberravit,
1934 1306 2228 1349 annorum
2261 1287 2417 1347 circa
2445 1286 2577 1358 ἷῆ,

427 1375 685 1454 crispuS,
730 1374 953 1447 mollis,
1000 1375 1329 1447 formosus,
1376 1375 1619 1435 nomine
1652 1374 1850 1435 Giton.
1910 1374 1960 1434 si
1990 1374 2123 1452 quis
2152 1391 2287 1434 eum
2332 1372 2579 1433 reddere
2628 1381 2688 1431 10

425 1470 527 1522 aut
569 1469 1039 1521 commonstrare
1084 1459 1366 1532 voluerit,
1413 1460 1663 1539 accipiet
1695 1477 1972 1520 nummos
1999 1458 2195 1520 mille'.
2255 1476 2371 1518 nec
2401 1457 2578 1537 longe

425 1564 458 1606 a
487 1564 783 1626 praecone
805 1545 1072 1625 Ascyltos
1102 1544 1292 1606 stabat
1318 1546 1568 1606 amictus
1595 1544 1906 1606 discoloria
1936 1555 2094 1605 veste
2123 1553 2299 1621 atque
2323 1544 2385 1603 in
2407 1542 2578 1603 lance

427 1640 705 1710 argentea
739 1631 1022 1691 indicium
1055 1638 1115 1691 et
1143 1631 1319 1691 fidem
1349 1629 1738 1709 praeferebat.
1783 1629 2063 1710 imperavi
2095 1628 2313 1700 Gitoni,
2345 1637 2411 1688 ut
2441 1647 2576 1708 rap-

426 1716 528 1777 tim
559 1715 871 1795 grabatum
899 1714 1126 1777 subiret
1155 1724 1621 1793 annecteretque
1651 1715 1832 1795 pedes
1862 1725 1922 1776 et
1943 1732 2154 1775 manus
2178 1713 2415 1789 institiS,
2446 1714 2578 1792 qui-

427 1801 540 1862 bus
570 1801 795 1879 sponda
829 1799 1102 1860 culcitam
1130 1798 1375 1875 ferebat,
1406 1819 1475 1861 ac
1504 1802 1590 1862 sic
1618 1810 1685 1861 ut
1721 1800 1860 1861 olim
1885 1800 2078 1861 Vlixes
2113 1798 2384 1879 Cyclopis
2413 1798 2578 1859 arieti
2628 1807 2685 1858 15

429 1885 814 1960 adhaesisset,
860 1894 1132 1947 extentus
1175 1886 1329 1946 infra
1374 1887 1683 1965 grabatum
1729 1885 2123 1946 scrutantium
2161 1884 2427 1945 eluderet
2454 1902 2580 1944 ma-

432 1964 563 2031 tius·
638 1990 761 2031 non
808 1981 896 2031 est
941 1980 1203 2032 moratus
1247 1970 1423 2032 Giton
1468 1971 1784 2050 imperium
1829 1978 2251 2049 momentoque
2294 1970 2582 2049 temporis

318 2069 323 2075 '
429 2056 680 2116 inseruit
726 2055 957 2116 vinculo
1002 2074 1214 2117 manus
1258 2065 1317 2117 et
1349 2056 1570 2117 Vlixem
1616 2065 1747 2117 astu
1790 2055 2088 2117 simillimo
2133 2055 2289 2115 vicit.
2351 2073 2462 2134 ego
2503 2074 2578 2115 ne

428 2141 752 2220 suspicioni
784 2141 1184 2219 relinquerem
1212 2141 1436 2215 locum,
1469 2141 1751 2202 lectulum
1785 2141 2142 2202 vestimentis
2172 2139 2406 2220 implevi
2436 2140 2578 2200 uni-

430 2244 619 2305 usque
648 2226 907 2288 hominis
936 2227 1241 2307 vestigium
1273 2227 1343 2286 ad
1374 2227 1646 2307 corporis
1676 2226 1790 2286 mei
1820 2243 2156 2287 mensuram
2189 2225 2452 2306 figuravi.
2627 2235 2687 2285 2ο

600 2312 837 2373 interim
883 2312 1149 2393 Ascyltos
1193 2323 1259 2374 ut
1302 2313 1627 2393 pererravit
1685 2330 1894 2374 omnes
1939 2330 2074 2373 cum
2117 2312 2339 2373 viatore
2383 2311 2579 2381 cellaS,

429 2397 590 2458 venit
633 2398 705 2458 ad
735 2417 943 2472 meam,
991 2408 1049 2458 et
1091 2399 1205 2459 hoc
1252 2399 1489 2476 quidem
1532 2398 1862 2478 pleniorem
1907 2417 2075 2477 spem
2119 2397 2413 2476 concepit,
2461 2414 2579 2474 quo

431 2482 771 2560 diligentius
816 2484 1222 2562 oppessulatas
1265 2484 1492 2545 invenit
1535 2485 1713 2544 fores.
1775 2482 2047 2562 publicus
2083 2502 2220 2544 vero
2252 2500 2457 2543 servus
2486 2480 2580 2541 in-

431 2576 663 2629 sertans
692 2568 1095 2630 commissuris
1122 2586 1362 2630 secures
1391 2569 1787 2630 claustrorum
1818 2569 2155 2630 firmitatem
2185 2567 2412 2628 laxavit.
2467 2584 2578 2645 ego

433 2652 505 2712 ad
549 2671 743 2730 genua
785 2652 1001 2732 Ascylti
1047 2653 1339 2731 procubui
1384 2665 1443 2714 et
1486 2671 1595 2733 per
1639 2653 1983 2714 memoriam
2028 2653 2312 2714 amicitiae
2356 2669 2583 2731 perque
2630 2660 2691 2711 25

432 2738 771 2798 societatem
818 2737 1184 2798 miseriarum
1231 2739 1402 2817 petii,
1449 2747 1516 2799 ut
1543 2739 1750 2799 saltem
1781 2740 2122 2800 ostenderet
2149 2740 2409 2799 fratrem.
2472 2737 2581 2796 im-

432 2840 529 2882 mo
562 2833 628 2882 ut
656 2822 830 2882 fidem
862 2822 1152 2883 haberent
1180 2823 1349 2884 fictae
1379 2841 1619 2903 preces,
1654 2824 1795 2885 ‘scio
1826 2823 1904 2884 te'
1934 2824 2178 2902 inquam
2209 2823 2481 2903 ‘Ascylte,
2512 2821 2580 2881 ad

436 2906 824 2968 occidendum
854 2925 948 2967 me
977 2907 1225 2969 venisse.
1270 2926 1389 2986 quo
1421 2909 1581 2969 enim
1612 2928 1851 2970 secures
1880 2907 2168 2971 attulisti?
2211 2909 2411 2988 itaque
2440 2908 2581 2968 satia

433 2992 798 3053 iracundiam
856 3002 1050 3054 tuam:
1108 2993 1365 3073 praebeo
1425 3012 1564 3055 ecce
1609 2994 1927 3068 cervicem,
1986 2994 2169 3055 funde
2210 2994 2581 3073 sanguinem,

438 3095 614 3155 quem
646 3077 756 3138 sub
802 3087 1106 3157 praetextu
1139 3079 1504 3158 quaestionis
1535 3079 1772 3158 petisti'.
1831 3080 2110 3141 amolitur
2137 3080 2404 3160 Ascyltos
2433 3078 2584 3139 invi-
2630 3087 2690 3137 30

438 3162 591 3223 diam
637 3172 697 3224 et
723 3183 786 3224 se
817 3181 955 3223 vero
987 3164 1134 3224 011111
1164 3165 1319 3225 aliud
1349 3182 1526 3242 quam
1554 3165 1861 3243 fugitivum
1899 3183 2072 3226 suum
2103 3164 2246 3225 dixit
2276 3181 2584 3244 quaerere,

438 3256 687 3309 mortem
719 3268 830 3310 nec
860 3247 1117 3310 hominis
1148 3250 1502 3329 concupisse
1534 3269 1644 3311 nec
1673 3250 1973 3331 supplicis,
2007 3251 2211 3329 utique
2242 3250 2370 3311 eius
2400 3266 2579 3328 quem

337 3330 418 3394 98
439 3342 573 3413 post
603 3334 831 3395 fatalem
863 3334 1049 3394 rixam
1079 3334 1379 3396 habuisset
1408 3335 1795 3397 carissimum.
1849 3344 1908 3396 at
1938 3355 2060 3396 non
2085 3353 2288 3396 servus
2313 3333 2586 3413 publicus

437 3427 554 3479 tam
586 3419 861 3498 languide
891 3419 1026 3498 agit,
1059 3419 1161 3481 sed
1191 3430 1419 3499 raptam
1444 3421 1700 3499 cauponi
1722 3421 2118 3482 harundinem
2139 3420 2343 3482 subter
2365 3420 2584 3480 lectum

438 3504 616 3565 mittit
646 3506 963 3583 omniaque
993 3505 1169 3565 etiam
1201 3506 1488 3566 foramina
1520 3506 1806 3585 parietum
1838 3515 2153 3567 scrutatur.
2222 3504 2590 3567 subducebat
2632 3512 2688 3562 35

440 3587 616 3648 Giton
661 3589 734 3650 ab
780 3591 898 3651 ictu
945 3608 1163 3670 corpus
1207 3600 1266 3652 et
1294 3590 1542 3652 reducto
1575 3591 1939 3652 timidissime
1968 3591 2182 3671 spiritu
2211 3591 2374 3671 ipsos
2402 3590 2584 3651 scini-

436 3672 583 3752 phes
614 3692 716 3735 ore
745 3674 1024 3754 tangebat

610 3826 642 3875 4
673 3827 1039 3889 praepositum
1075 3823 1320 3891 Bargates
1354 3830 1653 3892 procurator
1697 3824 1759 3877 ad
1799 3824 2100 3893 Eumolpum
2127 3825 2147 3893 ΙΙ
2177 3828 2238 3878 15
2277 3824 2455 3876 Vlixes
2493 3840 2585 3892 pro

440 3890 597 3943 ariete
621 3891 641 3958 ΙΙ
668 3893 732 3944 22
758 3892 840 3943 1110
875 3892 1216 3944 But-mannus
1245 3893 1253 3960 Ι
1285 3894 1422 3961 quod
1449 3893 1469 3961 ΙΙ
1495 3897 1561 3946 24
1585 3895 1945 3947 commissuras
1970 3909 2146 3946 secure
2171 3894 2586 3959 Scaliger-anus.-

435 3964 573 4024 puto
609 3974 835 4011 securem
884 3963 893 4024 Ι
934 3959 1277 4013 infirmitatem
1321 3963 1340 4029 ΙΙ
1383 3964 1450 4014 32
1488 3967 1740 4027 temptavi
1773 3978 1867 4014 nec
1901 3969 2116 4015 mortem
2153 3962 2375 4015 hominis
2411 3977 2455 4015 0.
2492 3976 2588 4013 nec

443 4027 749 4095 supplicium
778 4027 886 4096 1133
922 4028 1155 4090 fortasse
1191 4036 1389 4097 praeter
1419 4031 1427 4098 Ι
1458 4030 1637 4082 habuit
