2881 4580
468 291 590 350 144
1345 291 1648 346 —cARfflNA

1404 466 1671 529 XXXIIII

699 572 843 634 Cum
875 589 1106 633 sacrum
1137 572 1306 632 fieret
1333 570 1445 631 deo
1476 570 1670 644 salaci,

697 658 989 720 conducta
1020 665 1109 718 est
1138 656 1327 735 pretio
1359 656 1556 734 puella
1587 673 1767 735 parvo

696 743 1030 819 communis
1059 741 1198 803 satis
1227 739 1506 802 omnibus
1537 742 1762 802 sutura:

698 847 849 908 quae
882 836 1027 907 quot
1057 835 1233 888 nocte
1263 827 1421 888 viros
1450 826 1683 906 peregit
1713 842 1850 897 una,
1906 870 1911 875 .

696 923 787 975 tot
816 931 1024 993 verpas
1053 910 1162 973 tibi
1192 911 1422 973 dedicat
1453 911 1725 990 salignas.

1440 1062 1645 1124 XXXV

699 1184 1071 1258 Pedicabere,
1100 1183 1213 1256 fur,
1243 1185 1457 1257 seme13
1489 1182 1590 1243 sed
1620 1182 1775 1242 idem

700 1270 747 1332 si
773 1271 1101 1350 deprensus
1131 1268 1249 1330 eris
1277 1266 1388 1341 bis,
1423 1267 1742 1328 irrumabo.

700 1355 858 1435 quod
890 1355 939 1416 si
969 1354 1140 1416 tertia
1168 1355 1325 1414 furta
1354 1352 1635 1426 molieris,

700 1450 769 1502 ut
797 1458 1053 1521 poenam
1084 1439 1308 1519 patiare
1340 1445 1398 1498 et
1426 1437 1580 1498 hanc
1612 1445 1672 1497 et
1701 1436 1877 1508 illam,

699 1525 1068 1606 pedicaberis
1097 1523 1613 1602 irrumaberisque.

1436 1673 1671 1736 XXXVI

704 1795 884 1857 Notas
915 1794 1199 1857 habemus
1230 1794 1480 1874 quisque
1510 1794 1779 1872 corporis
1810 1794 2057 1854 formas:
2105 1799 2108 1802 ’

705 1880 983 1943 Phoebus
1013 1898 1306 1953 comosuS,
1338 1878 1622 1941 Hercules
1650 1879 1994 1953 lacertosus,

705 1966 884 2026 trahit
912 1966 1157 2045 figuram
1189 1964 1432 2045 virginis
1461 1972 1635 2025 tener
1662 1964 1946 2038 Bacchus,

704 2050 965 2113 Minerva
995 2069 1129 2112 ravo
1161 2050 1386 2113 lumine
1418 2059 1524 2124 est,
1555 2050 1753 2110 Venus
1781 2056 1976 2129 paeto,

592 2148 621 2196 5
707 2137 906 2197 fronte
936 2136 1183 2198 crinitos
1212 2135 1471 2196 Arcades
1498 2134 1660 2196 vides
1691 2134 1947 2208 FaunoS,

710 2221 887 2282 habet
916 2222 1193 2283 decentes
1224 2221 1470 2282 nuntius
1500 2221 1673 2296 deum
1705 2220 1954 2301 plantaS,

710 2308 892 2369 tutela
924 2307 1133 2368 Lemni
1163 2307 1426 2388 dispares
1458 2314 1651 2367 movet
1680 2323 1935 2384 gressus,

714 2394 949 2455 intonsa
981 2410 1219 2474 semper
1248 2392 1598 2472 Aesculapio
1629 2389 1811 2452 barba
1842 2399 1950 2463 est,

712 2496 888 2539 nemo
920 2486 1009 2540 est
1037 2478 1222 2539 feroci
1251 2476 1623 2557 pectorosior
1649 2475 1866 2537 Marte:

571 2572 627 2623 10
712 2564 870 2642 quod
901 2564 950 2625 si
983 2563 1114 2642 quis
1142 2564 1299 2624 inter
1326 2562 1436 2623 hos
1468 2561 1633 2623 locus
1663 2560 1804 2621 mihi
1833 2568 2029 2634 restat,

708 2648 854 2710 deus
885 2648 1097 2728 Priapo
1128 2647 1510 2709 mentulatior
1540 2665 1663 2707 non
1696 2656 1802 2707 est.

1425 2797 1687 2859 XXXVII

716 2917 836 2980 Cur
865 2918 1088 2997 pictum
1118 2918 1366 2980 memori
1395 2919 1470 2980 sit
1499 2919 1559 2979 in
1595 2917 1806 2979 tabella

708 3003 1063 3078 membrum,
1088 3003 1381 3082 quaeritis,
1405 3004 1564 3064 unde
1593 2999 2019 3084 procreamur?

713 3108 849 3152 cum
879 3089 1051 3168 penis
1078 3088 1221 3150 mibi
1253 3089 1404 3150 forte
1434 3089 1628 3151 laesus
1657 3096 1811 3151 esset

715 3175 1166 3253 chirurgamque
1195 3192 1435 3235 manum
1464 3174 1647 3236 miser
1674 3169 1962 3246 timerem,

600 3270 629 3319 5
713 3260 802 3321 dis
831 3278 926 3322 me
957 3259 1228 3339 legitimis
1259 3259 1554 3338 nimisque
1582 3258 1828 3338 magniS,

715 3356 781 3407 ut
812 3343 1050 3406 Phoebo
1082 3353 1226 3425 puta
1254 3344 1495 3424 filioque
1525 3344 1767 3419 Phoebi,

714 3439 985 3493 curatum
1017 3431 1155 3492 dare
1182 3429 1504 3491 mentulam
1534 3427 1797 3491 verebar.

713 3516 854 3579 huic
883 3516 1032 3578 dixi:
1080 3515 1192 3576 ‘fer
1220 3514 1676 3595 opem„Priape,
1706 3514 1878 3594 parti,

722 3603 890 3664 cuius
917 3610 1004 3676 tu,
1034 3609 1221 3681 pater,
1251 3601 1376 3679 ipse
1408 3618 1546 3679 pars
1575 3598 1816 3661 videris:

662 3783 847 3835 XXXV
885 3788 915 3838 2
952 3786 994 3836 si
1031 3785 1258 3851 precisus
1293 3788 1390 3835 aut
1423 3798 1640 3850 prensus
1676 3783 1776 3835 eris
1795 3820 1809 3845 ,
1862 3782 2004 3834 unde
2048 3786 2101 3833 te
2135 3780 2179 3833 si
2215 3793 2429 3847 prensus
2467 3783 2642 3832 conie-

489 3867 687 3916 ceram,
723 3851 995 3917 praedatus
1030 3854 1386 3904 Baehrensius
1422 3852 1442 3920 ΙΙ
1467 3849 1672 3903 XXXVI
1707 3854 1741 3904 4
1775 3851 1912 3902 flavo
1967 3850 1976 3917 Ι
2026 3854 2056 3903 5
2093 3848 2309 3901 frontem
2347 3849 2526 3913 volgo,
2561 3861 2643 3899 ca·

490 3919 669 3987 priuos
705 3920 765 3971 L.
801 3920 1112 3985 Mueller-us,
1157 3921 1490 3986 singularem
1527 3920 1768 3970 desidero
1802 3922 1865 3969 ut
1896 3918 1948 3969 in
1983 3917 2152 3970 fronte
2186 3931 2376 3969 cornua
2412 3915 2642 3968 Arcados

494 3986 642 4039 vides
665 3985 821 4039 Fauni
852 3990 861 4051 Ι
896 3991 957 4040 10
992 3988 1120 4040 haec
1144 3988 1163 4055 ΙΙ
1186 3987 1413 4039 XXXVII
1450 3991 1484 4041 4
1514 3987 1951 4054 chirurgicamque
1982 3986 2181 4053 plures,
2216 3984 2483 4052 eirugique
2499 3983 2643 4035 Lau-

494 4058 771 4107 rentianus
801 4058 809 4122 Ι
840 4059 869 4107 ’7
908 4053 1179 4108 curandam
1215 4056 1314 4106 alii
1342 4055 1351 4122 Ι
1382 4058 1413 4108 9
1450 4056 1562 4123 ipse
1595 4070 1688 4123 par
