2881 4580
261 1061 928 1144 SATIRARVM
979 1055 1488 1143 ALIARVM
1532 1065 2402 1148 MILESIARVMVE

1113 1217 1227 1298 IN
1241 1217 1556 1299 DICIA

1325 1455 1346 1515 1

435 1573 742 1635 Suetonius
771 1575 835 1635 de
863 1579 1257 1653 yrammaticis
1291 1571 1401 1636 15.-
1432 1575 1703 1636 Lenaeus
1731 1575 1923 1653 Magni
1950 1576 2192 1657 Pompei
2222 1577 2403 1638 liber-

260 1670 358 1722 tus
384 1704 397 1717 .
423 1705 437 1719 .
466 1704 480 1718 .
506 1668 670 1726 tanto
701 1678 900 1720 amore
931 1678 1067 1739 erga
1098 1660 1330 1740 patroni
1363 1660 1704 1720 memoriam
1737 1660 1943 1734 extitit,
1975 1672 2041 1722 ut
2065 1662 2400 1724 Sallustium

262 1745 624 1817 historicum,
658 1745 817 1824 quod
848 1764 983 1806 eum
1016 1745 1135 1807 oris
1166 1745 1357 1825 probi,
1389 1746 1588 1806 animo
1620 1746 2018 1808 inverecundo
2050 1748 2401 1826 scripsisset,

260 1829 638 1892 acerbissima
683 1839 878 1892 satura
929 1831 1295 1903 laceraverit,
1353 1832 1676 1893 lastaurum
1722 1843 1780 1892 et
1837 1833 2144 1894 lurconem
2192 1843 2252 1893 et
2297 1853 2401 1894 ne-

260 1915 541 1977 bulonem
574 1917 1058 1997 popinonemque
1101 1916 1406 1997 appellans
1451 1928 1509 1977 et
1552 1916 1663 1977 vita
1708 1917 2063 1997 scriptisque
2105 1929 2401 1980 monstro-

260 2020 426 2074 sum,
454 2062 457 2066 ,
486 2011 788 2081 praeterea
835 2002 1164 2083 priscorum
1212 2002 1450 2064 Catonis
1508 2000 1820 2063 verborum
1879 2004 2401 2067 ineruditissimum

260 2090 473 2147 furem.

1277 2171 1376 2234 ll*

433 2290 765 2372 Fulqentius
809 2297 874 2354 in
917 2298 1269 2374 (impositione
1310 2313 1645 2357 sermonum
1689 2297 1864 2374 antiq.
1903 2314 1966 2373 p.
1997 2289 2143 2366 562,
2189 2290 2273 2356 29
2305 2294 2372 2354 Μ
2383 2315 2401 2356 .·

264 2378 338 2437 Μ.
367 2379 665 2439 Cornutus
697 2380 754 2440 in
789 2380 962 2440 satira
996 2380 1080 2441 sic
1111 2380 1190 2439 ait
1219 2380 1536 2454 ‘titivilicia‚
1570 2379 1795 2454 Flacce‚
1826 2380 1902 2440 do
1933 2378 2077 2440 tibi'.

1275 2530 1355 2591 111
1370 2529 1405 2567 ’¹‘

434 2651 580 2712 idem
614 2670 676 2729 p.
707 2645 852 2722 564,
881 2649 996 2712 21.-
1041 2651 1255 2712 Gavius
1286 2651 1499 2712 Bassus
1528 2651 1588 2711 in
1633 2651 1825 2712 satiris
1854 2651 1934 2712 ait
1964 2654 2224 2716 ‘veruina
2256 2674 2402 2715 con-

262 2737 557 2810 fodiende‚
590 2755 711 2797 non
745 2746 803 2797 te
835 2737 1008 2798 nauci
1038 2737 1225 2798 facio’.

1280 2889 1387 2951 1111

434 3007 621 3070 Iulius
652 3009 1005 3089 Capitolinus
1024 3016 1087 3072 in
1109 3013 1230 3070 vita
1251 3009 1442 3071 Clodii
1459 3008 1653 3070 Albini
1673 3010 1834 3071 domo
1859 3008 2273 3074 Hadrumetina·
2287 3010 2363 3074 11
2382 3033 2399 3074 .·

264 3093 516 3155 Milesias
548 3094 821 3155 nonnulli
852 3095 1112 3156 eiusdem
1144 3114 1272 3155 esse
1301 3095 1525 3166 dicunt,
1558 3113 1809 3172 quarum
1834 3096 1982 3156 sama
2016 3116 2136 3157 non
2168 3098 2401 3176 ignobi·

264 3179 336 3239 lis
367 3179 644 3253 habetur,
691 3180 954 3257 quamvis
991 3180 1368 3241 mediocriter
1411 3179 1662 3259 scriptae
1692 3180 1829 3241 sint.
1905 3183 2101 3244 deinde
2130 3186 2195 3243 in
2224 3188 2403 3262 capite

267 3263 356 3326 12
378 3265 483 3326 ubi
510 3264 708 3326 Severi
734 3267 990 3344 refertur
1019 3267 1097 3326 ad
1122 3275 1385 3326 senatum
1428 3265 1669 3345 epistula
1697 3267 1763 3326 de
1792 3267 2019 3329 eodem:
2063 3269 2250 3328 maior
2292 3268 2404 3329 fuit

265 3351 436 3411 dolor
480 3351 637 3429 quod
667 3349 829 3411 illum
862 3370 969 3431 pro
1016 3350 1244 3411 literato
1275 3350 1630 3411 laudandum
1666 3351 1932 3431 plerique
1962 3353 2223 3426 duxistis,
2268 3373 2402 3416 cum

265 3436 362 3497 ille
394 3436 622 3497 naeniis
658 3437 1008 3515 quibusdam
1038 3435 1292 3497 anilibus
1332 3447 1655 3515 occupatus
1683 3437 1841 3499 inter
1870 3438 2121 3500 Milesias
2151 3439 2404 3502 Punicas

264 3522 473 3602 Apulei
505 3521 594 3583 sui
626 3531 685 3582 et
713 3522 936 3583 ludicra
966 3522 1222 3583 literaria
1252 3534 1727 3584 consenesceret.

434 3688 452 3739 1
473 3693 649 3754 potest
671 3691 882 3754 quidem
909 3690 1191 3741 Luciliano
1218 3691 1527 3741 charactere
1561 3695 1750 3740 satura
1773 3691 1939 3752 fuisse
1960 3693 2102 3742 sicut
2123 3691 2220 3742 illa
2246 3708 2407 3757 quam

268 3758 490 3809 Saenius
524 3757 768 3808 Nicanor
809 3762 1125 3825 scripserat,
1162 3761 1485 3825 praesertim
1534 3775 1651 3809 cum
1688 3760 1997 3810 lzeoeametro
2031 3758 2196 3820 facile
2222 3765 2407 3827 prima

268 3827 427 3876 verba
452 3830 707 3890 aptentur
741 3826 994 3879 lastaurus
1031 3827 1172 3878 lurco
1209 3826 1397 3878 nebulo
1436 3828 1702 3894 turpisque
1726 3828 1935 3895 popiuo,
1996 3832 2055 3878 at
2068 3828 2408 3894 probabilius

270 3897 517 3961 cynicum
549 3898 782 3945 statuet-e
814 3898 950 3946 milti
985 3896 1170 3947 videor
1198 3898 1416 3960 generis
1440 3895 1792 3949 Van-aniani.
1854 3895 2041 3957 confer
2076 3900 2407 3964 epigramma

269 3964 332 4014 de
367 3962 535 4023 furtis
571 3964 819 4014 Sallustii
851 3967 1080 4017 relatum
1125 3981 1157 4014 a
1178 3964 1531 4028 ‘Quintiliano
1570 3965 1702 4015 VIII
1731 3968 1782 4030 3,
1817 3966 1885 4017 29
1918 3965 1938 4032 ΙΙ
1971 3965 2011 4017 ll
2046 3970 2098 4016 et
2130 3965 2192 4017 111
2228 3982 2408 4031 quam·

268 4034 347 4081 vis
383 4037 563 4097 aperie
597 4030 751 4096 ficta,
793 4037 1097 4084 monstrant
1131 4037 1309 4084 tamen
1344 4033 1442 4084 illa
1476 4038 1627 4084 actas
1663 4036 1796 4098 quid
1827 4032 1944 4095 scre
1978 4035 2043 4085 de
2076 4024 2279 4086 saldris
2313 4051 2407 4085 an-

268 4103 434 4166 tiquis
469 4102 863 4153 emistimaverit

1897 4188 2001 4242 16*
