2881 4580
1203 274 1482 330 SATlRAE
2326 279 2404 338 19

157 454 515 511 Loaccensa
574 459 636 510 et
694 449 819 528 ipsa
873 448 1127 509 surrexit
1181 457 1642 528 correptumque
1685 449 1896 510 Gitona
1947 450 2009 510 in
2065 449 2404 514 cubiculum

258 535 454 595 traxit.
1428 547 1434 554 ·

431 619 565 681 sine
612 618 792 680 dubio
838 636 960 680 non
1006 629 1438 699 repugnaverat
1479 638 1659 699 puer,
1704 636 1771 680 ac
1817 637 1892 679 ne
1936 619 2128 699 puella
2168 620 2402 700 quidem

261 705 446 767 tristis
470 711 793 784 expaverat
821 703 1159 785 nuptiarum
1190 722 1430 765 nomen.
1492 706 1687 784 itaque
1716 723 1852 765 cum
1881 703 2093 766 inclusi
2122 705 2401 780 iacerent,

184 803 214 852 5
261 790 644 852 consedimus
673 797 809 850 ante
839 789 1015 850 limen
1047 789 1299 864 thalami,
1331 799 1389 851 et
1419 791 1481 851 in
1511 790 1719 869 primis
1748 788 2029 861 Quartilla
2058 808 2164 869 per
2193 790 2400 853 rimam

259 874 534 954 improbe
580 874 873 936 diductam
918 875 1281 955 applicuerat
1313 874 1549 937 oculum
1580 875 1879 936 curiosum
1909 875 2220 954 lusumque
2251 894 2399 955 pue-

257 960 429 1021 rilem
485 960 796 1022 libidinosa
852 960 1265 1039 speculabatur
1319 960 1635 1039 diligentia.
1694 978 1788 1020 me
1846 977 2083 1038 quoque
2127 961 2195 1021 ad
2241 961 2396 1022 idem

256 1045 661 1124 spectaculum
695 1045 852 1105 lenta
882 1063 1060 1105 manu
1092 1045 1299 1118 traxit,
1339 1054 1397 1105 et
1427 1045 1562 1124 quia
1594 1044 2091 1106 considerantium
2124 1046 2397 1107 cohaese-

256 1141 394 1191 rant
438 1131 667 1203 vultuS‚
714 1130 993 1209 quicquid
1023 1149 1054 1189 a
1084 1131 1420 1210 spectaculo
1451 1130 1720 1204 vacabat,
1763 1128 2170 1191 commovebat
2204 1131 2397 1192 obiter

149 1227 208 1278 10
255 1215 415 1276 labra
447 1225 508 1276 et
538 1233 633 1277 me
661 1223 943 1294 tanquam
971 1215 1198 1277 furtivis
1227 1214 1478 1277 subinde
1508 1215 1726 1277 osculis
1750 1214 2093 1276 verberabat

1312 1321 1346 1359 ηε

185 1401 228 1451 L
462 1381 474 1465 Ι
512 1383 721 1445 abiecti
751 1385 811 1445 in
845 1384 1011 1447 lectis
1039 1385 1166 1447 sine
1198 1395 1355 1446 metu
1382 1384 1667 1464 reliquam
1699 1384 1998 1462 exegimus
2028 1392 2264 1444 noctem

1310 1492 1342 1530 *

181 1571 239 1620 Η
459 1551 471 1635 Ι
509 1564 748 1616 venerat
787 1556 901 1616 iam
947 1555 1151 1617 tertius
1181 1556 1334 1630 dies,
1377 1555 1435 1616 id
1466 1562 1557 1616 est
1585 1552 1910 1633 expectatio
1941 1551 2158 1615 liberae
2189 1572 2392 1629 cenae,

250 1637 354 1700 sed
398 1647 489 1700 tot
531 1639 875 1702 vulneribus
919 1641 1209 1702 confossis
1253 1641 1388 1719 fuga
1430 1640 1616 1719 magis
1660 1637 1953 1719 placebat,
2000 1655 2173 1717 quam
2207 1639 2388 1717 quies,

249 1725 446 1803 itaque
493 1742 627 1785 cum
672 1726 876 1787 maesti
923 1724 1407 1799 deliberaremus,
1454 1743 1712 1805 quonam
1755 1741 1973 1803 genere
2017 1734 2389 1802 praesentem

146 1820 203 1871 15
248 1810 599 1871 evitaremus
640 1811 992 1890 procellam,
1049 1829 1207 1872 unus
1250 1829 1454 1872 servus
1496 1808 1953 1888 Agamemnonis
1997 1809 2389 1889 interpellavit

248 1895 612 1975 trepidantes
642 1906 702 1956 et
731 1894 936 1974 ‘quid‘l
966 1891 1086 1957 vos'
1113 1896 1307 1976 inquit
1337 1895 1614 1968 ‘nescitis,
1645 1893 1818 1955 hodie
1848 1895 2000 1973 apud
2034 1913 2212 1974 quem
2241 1894 2384 1956 fiat?

247 1978 636 2053 Trimalchio,
682 1981 1042 2043 lautissimus
1071 1983 1244 2043 homo
1264 2027 1293 2055 ,n
1324 1980 1696 2061 horologium
1740 1979 1800 2040 in
1839 1978 2093 2041 triclinio
2126 1989 2186 2041 et
2214 1979 2383 2041 buci-

246 2074 515 2145 natorem
560 2065 736 2127 habet
777 2066 1198 2138 subornatum,
1242 2076 1310 2127 ut
1351 2066 1601 2128 subinde
1630 2065 1801 2138 sciat,
1848 2074 2129 2144 quantum
2163 2065 2233 2125 de
2271 2065 2383 2125 vita

243 2150 605 2229 perdiderit'.
658 2151 966 2211 amicimur
1009 2170 1149 2231 ergo
1195 2152 1509 2230 diligenter
1551 2149 1716 2210 obliti
1760 2149 2024 2210 omnium
2071 2150 2379 2223 malorum,

141 2246 199 2299 20
243 2244 305 2297 et
332 2234 545 2297 Gitona
582 2234 964 2299 libentissime
1008 2237 1214 2299 servile
1258 2237 1519 2298 officium
1559 2241 1821 2297 tuentem
1856 2252 2040 2313 usque
2067 2234 2183 2295 hoc
2212 2233 2378 2296 iube-

240 2338 376 2383 mus
404 2321 466 2382 in
497 2321 703 2382 balnea
735 2323 920 2401 sequi.
982 2341 1092 2384 nos
1122 2323 1358 2384 interim
1387 2321 1579 2383 vestiti
1608 2337 1804 2381 errare
1835 2319 2137 2398 coepimus
2399 2321 2478 2384 27

241 2405 423 2467 immo
469 2406 650 2467 iocari
694 2408 880 2485 magis
909 2417 968 2468 et
997 2408 1231 2470 circulis
1263 2400 1607 2492 [ludentem]
1638 2403 1953 2478 accedere,
1999 2422 2133 2465 cum
2180 2404 2377 2465 subito

141 2489 254 2571 HL!
289 2490 552 2553 videmus
595 2510 797 2553 senem
843 2493 1103 2567 calvum,
1148 2494 1347 2554 tunica
1390 2491 1659 2553 vestitum
1705 2507 1925 2562 russea,
1971 2488 2128 2549 inter
2158 2507 2377 2570 pueros

245 2576 549 2656 capillatos
593 2577 889 2639 ludentem
935 2578 1069 2658 pila.
1130 2596 1243 2639 nec
1286 2585 1405 2638 tam
1450 2575 1622 2657 pueri
1666 2593 1807 2648 nos,
1854 2592 2207 2654 quamquam
2252 2585 2379 2637 erat

141 2667 197 2717 25
240 2680 458 2741 operae
502 2662 779 2742 pretium,
823 2663 895 2723 ad
938 2662 1337 2743 spectaculum
1368 2663 1685 2733 duxerant,
1733 2677 1905 2739 quam
1938 2660 2062 2739 ipse
2091 2669 2259 2740 pater
2288 2661 2375 2720 sa-

236 2746 462 2817 miliae,
511 2748 610 2825 qui
655 2748 912 2810 soleatus
948 2748 1062 2827 pila
1095 2748 1328 2827 prasina
1362 2745 1763 2808 exercebatur.
1826 2763 1938 2806 nec
1966 2745 2214 2825 amplius
2246 2763 2372 2806 eam

236 2831 542 2911 repetebat
583 2851 735 2911 quae
779 2841 996 2893 terram
1039 2834 1394 2911 contigerat,
1446 2832 1549 2894 sed
1592 2830 1790 2891 follem
1835 2830 2078 2909 plenum
2122 2830 2376 2893 habebat

234 2934 439 2978 servus
495 2918 939 2996 sufficiebatque
996 2917 1355 2979 ludentibus.
1416 2916 1747 2977 notavimus
1803 2916 1978 2976 etiam
2027 2934 2123 2976 res
2169 2934 2366 2978 novas.

235 3019 375 3061 nam
404 3002 524 3062 duo
555 3003 847 3082 spadones
876 3003 937 3063 in
970 3003 1191 3065 diversa
1223 3011 1387 3082 parte
1417 3001 1619 3062 circuli
1650 3000 1903 3073 stabant,
1936 3018 2187 3078 quorum
2220 3001 2368 3062 alter

132 3094 189 3145 30
228 3086 522 3147 matellam
552 3087 792 3150 tenebat
819 3096 1153 3167 argenteam
1172 3135 1186 3162 ‚
1220 3088 1367 3148 alter
1396 3085 1740 3147 numerabat
1768 3085 1943 3165 pilae,
1977 3104 2097 3145 non
2129 3085 2366 3164 quidem

235 3189 332 3233 eas
363 3189 513 3250 quae
544 3172 701 3233 inter
731 3192 940 3234 manus
968 3173 1100 3235 lusu
1132 3173 1462 3253 expellente
1492 3170 1829 3243 vibrabant,
1862 3170 1963 3231 sed
1996 3189 2091 3231 eas
2123 3188 2269 3249 quae
2301 3172 2362 3231 in

165 3265 450 3320 Hterram
495 3258 864 3319 decidebant.
922 3276 1054 3318 cum
1092 3258 1198 3319 has
1229 3276 1368 3337 ergo
1401 3257 1748 3317 miraremur
1792 3254 2066 3327 lautitias,
2107 3252 2116 3334 Ι
2156 3273 2363 3316 accur—

231 3342 307 3402 rit
339 3342 640 3405 Menelaus
671 3350 729 3403 et
761 3343 888 3402 ‘hic
918 3342 1039 3403 est’
1069 3343 1263 3421 inquit
1294 3343 1476 3423 ‘apud
1509 3359 1683 3420 quem
1716 3340 1976 3402 cubitum
2006 3340 2270 3419 ponetis,
2304 3350 2363 3401 et

232 3426 469 3507 quidem
516 3428 631 3488 iam
675 3427 1032 3508 principium
1080 3446 1261 3488 cenae
1306 3426 1557 3488 videtis’.
1619 3435 1677 3486 et
1707 3426 1822 3486 iam
1854 3443 1976 3484 non
2012 3424 2363 3501 loquebatur

48 3507 191 3568 HL35
232 3511 534 3574 Menelaus
566 3531 700 3573 cum
740 3511 750 3591 Ι
787 3512 1141 3572 Trimalchio
1173 3512 1382 3590 digitos
1408 3511 1785 3590 concrepuit,
1830 3508 1902 3568 ad
1932 3510 2087 3587 quod
2125 3510 2362 3588 signum

231 3597 521 3658 matellam
574 3597 754 3678 spado
814 3596 1039 3657 ludenti
1094 3596 1360 3658 subiecit.
1420 3605 1735 3656 exonerata
1780 3593 1874 3655 ille
1916 3594 2105 3655 vesica
2149 3613 2360 3673 aquam

228 3683 502 3762 poposcit
556 3684 628 3745 ad
688 3700 929 3756 manus,
986 3682 1317 3761 digitosque
1368 3681 1668 3762 paululum
1715 3680 2021 3759 adspersos
2064 3679 2123 3740 in
2171 3680 2359 3760 capite

227 3768 394 3847 pueri
426 3769 610 3830 tersit.

394 3903 424 3954 8
461 3901 731 3956 haeserant
756 3902 775 3967 fl
803 3903 865 3953 12
914 3900 1251 3951 scribendum
1303 3903 1354 3950 et
1406 3897 1693 3965 expectatio
1737 3900 1845 3948 nisi
1880 3900 2006 3948 haec
2040 3899 2360 3963 epitomator-

226 3969 436 4020 addidit
458 3968 478 4038 ΙΙ
508 3972 572 4022 20
621 3973 718 4025 hoc
751 3968 1059 4020 mutilatum
1093 3969 1307 4019 videtur
1331 3967 1350 4033 ΙΙ
1377 3968 1434 4019 21
1480 3966 1659 4018 balneo
1686 3966 1705 4033 ΙΙ
1732 3968 1796 4018 26
1844 3967 1961 4033 quia
1999 3966 2052 4016 H
2090 3968 2109 4031 ΙΙ
2131 3966 2198 4016 32
2233 3978 2357 4029 ergo

226 4053 322 4089 om.
358 4038 402 4088 L
428 4038 448 4104 ΙΙ
475 4040 542 4090 34
577 4040 697 4107 quid
732 4040 830 4090 iam
862 4037 873 4104 Ι
904 4038 1178 4088 etiamnum
1216 4035 1516 4097 Schefferus
1540 4034 1560 4101 ΙΙ
1586 4035 1650 4087 36
1687 4034 1957 4101 supposuit
1994 4033 2038 4084 L

1876 4117 1948 4169 2*
