2881 4580
472 274 596 335 206
1378 275 1711 330 VARRONIS

338 543 424 593 415
684 533 745 595 in
797 534 909 595 hac
961 534 1190 596 civitate
1229 553 1403 615 agros
1445 449 1651 596 glffgt
1679 535 2024 598 harenosos.
2087 545 2320 616 praeter
2348 538 2460 599 hos
2490 539 2629 601 fluit

472 618 663 680 amnis
695 637 869 697 quam
901 618 1040 680 olim
1070 619 1338 681 Albulam
1370 619 1579 681 dicunt
1598 620 1906 682 vocitatam

333 832 421 883 416
678 824 740 885 in
755 824 866 884 hac
880 824 1108 886 civitate
1131 832 1256 885 tum
1279 738 1913 906 regnfflssionysius
1929 826 2104 887 homo
2119 826 2391 904 garrulus
2413 835 2473 888 et
2485 844 2626 888 acer

1436 1024 1586 1061 Lumo
1623 1024 1658 1060 ιι

1239 1112 1398 1179 περὶ
1435 1108 1853 1180 φιλοσοφίας

331 1309 418 1362 417
675 1297 831 1360 nulla
865 1297 1156 1361 ambrosia
1187 1318 1255 1361 ac
1288 1309 1511 1373 nectar,
1546 1318 1668 1361 non
1701 1299 1878 1360 alium
1911 1307 1970 1360 et
1998 1301 2232 1373 sardae,
2277 1300 2382 1363 sed
2426 1301 2622 1381 ‘panis

466 1401 697 1463 pemma
730 1383 964 1457 lucum,
989 1383 1146 1447 cibu’
1179 1386 1285 1464 qui
1316 1384 1656 1465 purissimu’
1687 1383 1871 1446 multo
1903 1385 2009 1446 est'

1452 1503 1505 1564 11
1537 1506 1625 1582 (1)

328 1601 415 1653 418
673 1598 732 1651 et
763 1607 839 1649 ne
872 1606 1226 1661 erraremus,
1260 1598 1534 1668 ectropas
1558 1608 1686 1650 esse
1718 1588 1948 1662 multas,
1979 1590 2225 1651 omnino
2257 1598 2454 1651 tutum
2487 1609 2618 1653 esse

464 1674 568 1736 sed
595 1674 847 1755 spissum
880 1674 993 1734 iter

1438 1757 1517 1819 Ill
1551 1761 1639 1838 (3)

329 1856 416 1907 419
558 1867 575 1880 *⁴
672 1847 870 1922 itaque
920 1842 1116 1904 videas
1168 1843 1412 1906 barbato
1466 1855 1661 1905 rostro
1705 1843 1870 1905 illum
1916 1845 2304 1906 commentari
2335 1854 2395 1906 et
2426 1864 2617 1907 unum

463 1931 740 2009 quodque
773 1927 1015 1989 verbum
1047 1937 1264 1991 statera
1299 1929 1528 1992 auraria
1561 1930 1824 2007 pendere

1001 2110 1291 2165 POSTVMI
1327 2111 1432 2165 CVI
1469 2112 1775 2166 SEPLASIA
1814 2111 2067 2164 PETET*

324 2231 412 2283 420
673 2218 998 2299 appellatur
1043 2235 1075 2277 a
1120 2217 1410 2279 caelatura
1442 2219 1701 2293 caelum,
1745 2235 1956 2299 graece
1992 2217 2067 2279 ab
2100 2227 2315 2281 ornatu
2341 2215 2616 2303 κόσμος,

458 2305 636 2366 latine
668 2325 699 2364 a
730 2304 946 2384 puritia
976 2303 1237 2366 mundus

1200 2468 1504 2522 PRANSVS
1542 2469 1848 2522 PARATVS

324 2678 408 2728 421
758 2659 925 2721 Luna
949 2669 1270 2738 expectans
1286 2574 1648 2722 Hadrialnilsze
1672 2659 1852 2722 itiner
1866 2660 2111 2740 longum
2128 2679 2404 2724 sermone
2418 2663 2617 2725 levare

1443 2779 1492 2838 ll
1530 2781 1617 2860 (2)

322 2883 411 2934 422
863 2866 1072 2923 contra
1105 2872 1343 2925 coactus
1373 2868 1581 2927 cervus
1612 2865 1822 2926 latratu
1853 2882 2065 2926 canum

860 2948 1047 3009 fertur
1074 2946 1315 3011 bisulcis
1345 2949 1585 3029 ungulis
1614 2950 1810 3012 nitens
1837 2950 2024 3011 humu

1202 3131 1641 3186 PROMETHEVS
1679 3133 1866 3186 LIBER

1460 3238 1485 3299 1
1516 3234 1611 3320 (1)

313 3342 398 3394 m
436 3362 443 3366 ·
1723 3342 1833 3404 ego
1865 3322 2069 3384 infelix
2099 3328 2221 3384 non
2253 3340 2471 3402 queam

854 3408 971 3469 vim
1002 3407 1349 3488 propulsare
1380 3417 1557 3487 atque
1587 3408 1892 3470 inimicum
1924 3426 2064 3469 orco
2095 3405 2462 3469 immittere?

619 3579 717 3629 415
752 3574 822 3628 Ν.
854 3592 907 3642 p.
947 3577 1044 3630 192
1080 3590 1279 3628 amnem
1321 3575 1341 3643 ΙΙ
1379 3579 1479 3629 416
1513 3575 1579 3628 Ν.
1608 3592 1667 3643 p.
1701 3579 1803 3630 316
1839 3575 2071 3641 garrulus
2108 3575 2129 3643 ΙΙ
2172 3577 2273 3628 417
2309 3574 2378 3627 Ν.
2411 3591 2466 3642 p.
2506 3577 2603 3630 131

447 3644 671 3708 lucunsss
700 3646 800 3698 418
835 3643 903 3697 Ν.
932 3660 988 3710 p.
1025 3645 1127 3697 392
1163 3645 1386 3712 spissum
1423 3645 1435 3712 Ι
1465 3644 1755 3713 extrophas.
1836 3644 2067 3706 fortasse
2098 3647 2279 3695 verius
2312 3643 2557 3710 strophas
2590 3647 2611 3712 u

448 3713 549 3764 419
584 3710 652 3762 Ν.
682 3728 738 3777 p.
777 3715 877 3765 455
913 3717 1133 3764 rostrum

620 3781 719 3832 420
755 3781 958 3831 Probus
983 3779 1147 3846 Verg.
1184 3780 1280 3835 ecl.
1318 3782 1366 3845 6,
1392 3784 1474 3833 31.
1544 3783 1605 3832 in
1646 3781 1802 3832 titulo
1837 3778 2082 3832 Postume
2116 3794 2209 3832 cur
2243 3795 2342 3846 ego
2379 3782 2605 3846 conieci,

434 3850 566 3913 -post
600 3848 775 3899 vinum
809 3847 1018 3900 Riesius
2311 3899 2315 3902 Α

614 3917 710 3968 421
751 3915 961 3967 Nonius
1001 3932 1057 3982 p.
1095 3918 1195 3968 482
1231 3916 1382 3968 itiner
1425 3919 1433 3982 Ι
1469 3922 1755 3984 ,expectans
1789 3914 1945 3967 Adria
1989 3916 2087 3967 sed
2118 3919 2393 3983 expectant
2428 3916 2603 3966 codeoe

451 3981 901 4050 Guelferbytanus
926 3984 946 4051 ΙΙ
969 3986 1071 4036 422
1105 3983 1174 4036 Ν.
1208 4000 1260 4050 p.
1299 3987 1398 4038 352
1434 3985 1527 4036 niti
1563 3989 1615 4035 et
1642 4001 1699 4051 p.
1736 3986 1834 4037 488
1873 3984 2029 4036 humu

617 4052 714 4102 423
751 4049 821 4104 Ν.
852 4067 908 4116 p.
946 4053 1012 4104 28
1048 4051 1338 4118 compedes·
1411 4055 1602 4104 titulus
1645 4058 1725 4105 est
1769 4055 1964 4119 ubique
1999 4051 2306 4105 Prometheo
2341 4056 2441 4103 aut
2474 4050 2603 4105 Pro—
