2881 4580
459 319 542 377 88
1386 315 1692 370 PETRONII

644 501 729 553 120
756 490 968 571 pallida
999 489 1342 570 Tisiphone,
1372 489 1730 568 concisaque
1759 487 2004 550 vulnera
2032 490 2278 552 mande:

764 576 836 637 ad
867 575 1101 656 Stygios
1127 592 1333 636 manes
1361 575 1653 637 laceratus
1681 573 1920 636 ducitur
1950 573 2168 636 orbis''.

294 663 412 725 122
863 660 1098 721 vixdum
1129 659 1383 734 finierat,
1414 678 1550 722 cum
1580 660 1815 738 fulgure
1845 668 2020 740 rupta
2051 678 2303 722 corusco

764 745 1073 806 intremuit
1104 743 1295 806 nubes
1326 745 1619 823 elisosque
1649 744 1899 806 abscidit
1927 745 2114 824 ignes,

764 830 1031 892 subsedit
1060 838 1228 909 pater
1256 829 1622 903 umbrarum,
1653 830 1998 908 gremioque
2027 829 2272 891 reducto

645 925 730 976 125
759 915 986 977 telluris
1013 914 1281 994 pavitans
1303 916 1600 977 fraternos
1628 914 1834 994 palluit
1861 915 2033 976 ictus.

767 999 1055 1061 continuo
1087 998 1282 1060 clades
1309 999 1621 1060 hominum
1655 1011 2018 1078 venturaque
2048 998 2259 1060 damna

765 1084 1043 1164 auspiciis
1072 1092 1315 1163 patuere
1345 1085 1542 1146 deum.
1608 1102 1863 1163 namque
1894 1103 1997 1145 ore
2025 1093 2276 1144 cruento

763 1169 1047 1230 deformis
1075 1169 1248 1229 Titan
1281 1169 1786 1248 vultum-caligine
1815 1169 1990 1230 texit:

764 1252 1148 1315 civiles'acies
1177 1253 1289 1314 iam
1319 1265 1447 1316 tum
1477 1263 1745 1335 spectare
1775 1263 2033 1333 putares.

643 1350 727 1401 130
755 1347 923 1419 parte
953 1338 1062 1399 alia
1092 1339 1302 1418 plenos
1331 1339 1583 1400 extinxit
1611 1338 1858 1418 Cynthia
1887 1338 2078 1400 vultus

765 1431 825 1484 et
856 1423 1049 1484 lucem
1082 1423 1292 1485 sceleri
1322 1424 1620 1485 subduxit.
1681 1433 1856 1504 rupta
1886 1422 2178 1484 tonabant

766 1508 1083 1569 verticibus
1112 1509 1291 1588 lapsis
1319 1510 1541 1570 montis
1571 1509 1724 1587 iuga,
1756 1527 1870 1570 nec
1899 1527 2040 1587 vaga
2073 1507 2290 1588 passim

763 1593 1007 1654 flumina
1034 1612 1145 1672 per
1175 1602 1347 1655 notas
1376 1594 1545 1654 ibant
1571 1594 1883 1655 morientia
1914 1594 2092 1673 ripas.

765 1695 1065 1739 armorum
1096 1678 1350 1758 strepitu
1378 1678 1606 1739 caelum
1637 1679 1783 1739 furit
1811 1687 1872 1739 et
1897 1679 2040 1739 tuba
2070 1678 2316 1739 Martem

645 1771 728 1824 135
756 1760 1049 1824 sideribus
1077 1763 1419 1823 tremefacta
1451 1763 1584 1837 ciet,
1616 1764 1847 1842 iamque
1877 1765 2064 1824 Aetna
2096 1771 2333 1824 voratur
2432 1814 2442 1827 ,

767 1846 1008 1926 ignibus
1037 1847 1288 1909 insolitis
1319 1855 1379 1908 et
1408 1848 1469 1909 in
1502 1849 1741 1910 aethera
1770 1848 2015 1909 fulmina
2049 1847 2242 1909 mittit.
2398 1842 2421 1857 ⁴

767 1950 908 1993 ecce
938 1931 1098 1991 inter
1125 1932 1385 1994 tumulos
1413 1942 1591 2011 atque
1623 1951 1754 1996 ossa
1783 1933 2043 1994 carentia
2072 1931 2263 1994 bustis

764 2016 1107 2078 umbrarum
1136 2017 1315 2078 facies
1343 2016 1474 2078 diro
1503 2018 1755 2079 stridore
1785 2017 2109 2079 minantur.

765 2104 863 2163 fax
892 2101 1076 2163 stellis
1107 2102 1380 2163 comitata
1412 2102 1581 2163 novis
1609 2103 1886 2164 incendia
1915 2103 2095 2176 ducit,

651 2193 738 2246 14⁰
763 2186 1215 2265 sanguineoque
1244 2204 1457 2249 recens
1487 2188 1792 2249 descendit
1820 2187 2089 2268 Iuppiter
2118 2185 2326 2248 imbre.

765 2272 913 2334 haec
944 2280 1175 2333 ostenta
1205 2270 1367 2333 brevi
1397 2272 1570 2334 solvit
1590 2272 1754 2334 deus.
1806 2273 1970 2334 exuit
1999 2290 2206 2334 omnes

767 2358 988 2436 quippe
1016 2376 1213 2418 moras
1244 2357 1474 2432 Caesar,
1503 2358 1912 2437 vindictaeque
1942 2368 2110 2419 actus
2139 2375 2339 2418 amore

766 2442 983 2503 Gallica
1014 2443 1283 2521 proiecit,
1313 2443 1501 2503 civilia
1531 2442 1768 2504 sustulit
1795 2461 1976 2503 arma.

865 2526 1111 2606 Alpibus
1139 2527 1334 2602 aeriis,
1366 2526 1469 2589 ubi
1502 2527 1679 2588 Graio
1712 2529 1957 2589 numine
1986 2528 2191 2607 pulsae

644 2618 729 2671 145
757 2609 1128 2672 descendunt
1154 2629 1335 2690 rupes
1364 2620 1424 2672 et
1453 2630 1517 2673 se
1545 2612 1856 2692 patiuntur
1885 2613 2050 2687 adiri,

763 2703 854 2755 est
881 2694 1049 2757 locus
1079 2696 1386 2757 Herculeis
1415 2698 1534 2758 aris
1560 2715 1756 2758 sacer:
1786 2698 1947 2759 hunc
1979 2698 2113 2758 nive
2141 2697 2286 2758 dura

766 2778 985 2840 claudit
1013 2779 1245 2859 hiemps
1274 2799 1547 2861 canoque
1574 2782 1645 2842 ad
1676 2781 1868 2844 sidera
1900 2783 2116 2844 vertice
2146 2781 2314 2843 tollit.

766 2862 993 2924 caelum
1022 2864 1187 2925 illinc
1217 2865 1498 2927 cecidisse
1527 2875 1734 2945 putes:
1767 2886 1891 2928 non
1922 2867 2065 2929 solis
2092 2866 2272 2928 adulti

765 2949 1123 3010 mansuescit
1149 2950 1345 3025 radiis,
1378 2970 1501 3012 non
1530 2952 1699 3012 verni
1726 2953 2012 3032 temporis
2041 2970 2202 3025 aura,

645 3041 731 3093 150
757 3031 860 3093 sed
890 3033 1074 3111 glacie
1104 3044 1384 3096 concreta
1412 3036 1611 3113 rigent
1640 3036 1968 3116 hiemisque
1997 3037 2256 3117 pruinis:

766 3125 958 3178 totum
987 3119 1141 3179 ferre
1173 3129 1373 3199 potest
1402 3120 1624 3182 umeris
1653 3122 2068 3184 minitantibus
2099 3121 2326 3182 orbem.

764 3202 908 3264 haec
940 3203 1039 3263 ubi
1070 3203 1311 3266 calcavit
1339 3205 1551 3267 Caesar
1578 3205 1713 3285 iuga
1743 3206 1928 3267 milite
1960 3207 2111 3268 laeto

761 3288 1100 3433 optavitcgle
1129 3289 1347 3363 locum,
1376 3308 1610 3351 summo
1640 3291 1713 3352 de
1741 3292 1959 3353 vertice
1987 3292 2210 3352 montis

766 3372 1016 3452 Hesperi
1054 3392 1085 3434 e
1116 3392 1356 3454 campos
1385 3373 1502 3436 late
1532 3376 1840 3456 prospexit
1868 3386 1927 3437 et
1955 3376 2157 3438 ambas

644 3469 731 3519 155
759 3457 1065 3519 intentans
1092 3477 1229 3519 cum
1261 3477 1402 3520 voce
1432 3477 1648 3521 manus
1675 3462 1746 3521 ad
1778 3461 1969 3522 sidera
2002 3461 2176 3522 dixit:

765 3542 1072 3623 “Iuppiter
1101 3543 1499 3623 omnipotens,
1530 3553 1588 3605 et
1614 3554 1693 3620 te,
1717 3546 1993 3607 Saturnia
2014 3546 2207 3619 telluS‚

763 3628 941 3689 armis
969 3627 1117 3688 laeta
1145 3628 1293 3689 meis
1322 3628 1581 3708 olimque
1612 3639 1853 3691 onerata
1884 3631 2217 3711 triumphiS‚

761 3719 966 3786 testor,
996 3713 1066 3773 ad
1099 3714 1203 3774 has
1232 3713 1388 3775 acies
1417 3713 1665 3775 invitum
1695 3734 1998 3776 accersere
2029 3716 2293 3791 Martem,

523 3895 538 3938 '.
636 3861 730 3911 120
768 3859 1129 3943 conscissaque
1160 3878 1291 3927 pars
1327 3862 1636 3933 libror-amn
1697 3867 1794 3918 125
1819 3864 2006 3931 polluit
2031 3865 2050 3933 ΙΙ
2080 3868 2176 3919 128
2214 3865 2443 3917 titubans
2469 3865 2490 3935 ΙΙ
2518 3866 2614 3920 129

687 3928 1450 4063 Parmam&
1479 3931 1508 4064 η,
1526 3933 2615 4063 sssnzssuzmssezrw

460 4007 559 4116 3051
600 4062 907 4115 immanibus
943 4064 1027 4114 vel
1061 4064 1342 4117 nitentibus
1361 4066 1696 4119 Schrader-us
1723 4015 1864 4136 118153
1884 4040 2155 4137 oravitque,
2178 4068 2198 4138 ΙΙ
2223 4016 2323 4123 1856
2350 4075 2405 4122 tu
2423 4070 2471 4121 L
2487 4085 2551 4122 eu
2574 4070 2614 4121 0

2625 489 2712 541 Lo
