2881 4580
1160 268 1444 325 sa'rntAE
2293 271 2372 330 15

110 451 208 503 Lo
226 443 431 505 crimis
474 443 537 503 in
585 443 769 505 risum
816 452 971 505 mota
1017 444 1445 506 descendentes
1471 440 1546 504 ab
1577 461 1720 504 aure
1750 443 1994 523 capillos
2026 463 2187 507 meos
2217 446 2376 506 lenta

160 534 207 586 L
227 547 413 589 manu
458 529 625 590 duxit
662 528 673 608 Ι
713 538 773 589 et
804 528 990 590 ‘facio'
1021 529 1215 608 inquit
1245 529 1521 590 ‘indutias
1550 526 1871 601 vobiscum,
1905 538 1965 590 et
1993 548 2024 590 a
2056 531 2376 592 constituta

112 614 331 676 Lolite
376 614 626 675 dimitto.
694 614 851 692 quod
891 611 901 696 Ι
939 614 985 675 si
1038 633 1156 676 non
1203 614 1554 677 adnuissetis
1598 614 1671 675 de
1717 615 1823 675 hac
1867 615 2155 676 medicina
2200 633 2375 695 quam

223 708 383 778 pet0,
418 698 528 759 iam
565 709 762 778 parata
793 707 919 760 erat
948 700 1008 761 in
1041 700 1363 761 crastinum
1395 698 1587 773 turba,
1620 717 1771 779 quae
1804 710 1863 760 et
1884 699 2158 761 iniuriam
2184 718 2373 761 meam

141 801 174 850 5
221 783 554 845 vindicaret
584 795 643 845 et
659 783 1052 863 dignitatem:

532 868 836 930 contemni
867 879 1041 949 turpe
1070 877 1176 942 est,
1208 869 1398 949 legem
1429 870 1654 931 donare
1683 867 2040 949 superbum;

614 955 729 1015 hoc
759 972 910 1028 amo,
945 955 1103 1034 quod
1133 972 1374 1034 possum
1410 973 1524 1033 qua
1555 954 1700 1016 libet
1730 956 1815 1015 ire
1845 954 1950 1014 via.

532 1057 672 1100 nam
701 1057 843 1101 sane
873 1049 933 1100 et
960 1039 1197 1118 sapiens
1226 1048 1605 1119 contemptus
1631 1039 1818 1119 iurgia
1851 1039 2063 1114 nectit,

620 1133 679 1185 et
707 1125 809 1204 qui
843 1140 965 1186 non
996 1124 1239 1203 iugulat,
1271 1125 1460 1185 victor
1488 1124 1650 1186 abire
1680 1124 1858 1186 solet'

1283 1230 1317 1268 ηε

106 1310 172 1360 10
398 1293 714 1373 complosis
757 1294 969 1356 deinde
1012 1293 1286 1357 manibus
1330 1294 1391 1354 in
1437 1303 1667 1355 tantum
1699 1303 1946 1374 repente
1976 1294 2159 1355 risum
2190 1295 2374 1356 effusa

225 1386 352 1451 est,
396 1386 463 1438 ut
507 1380 868 1441 timeremus,
928 1380 1081 1441 idem
1128 1398 1198 1440 ex
1243 1380 1424 1440 altera
1470 1389 1636 1458 parte
1679 1389 1740 1440 et
1767 1379 1977 1440 ancilla
2007 1379 2174 1452 fecit,
2222 1398 2372 1459 quae

222 1462 394 1542 prior
451 1475 719 1536 venerat,
766 1465 922 1526 idem
967 1465 1343 1545 virguncula,
1399 1482 1550 1543 quae
1608 1483 1723 1525 una
1785 1465 2117 1525 intraverat.
2178 1463 2372 1525 omnia
2393 1471 2471 1534 19

223 1548 465 1608 mimico
497 1550 620 1609 risu
651 1559 1076 1623 exsonuerant,
1122 1567 1256 1612 cum
1289 1550 1525 1610 interim
1557 1568 1700 1622 nos,
1732 1566 1881 1629 quae
1910 1557 2028 1608 tam
2061 1549 2373 1629 repentina

223 1641 381 1694 esset
438 1634 681 1695 mutatio
741 1635 1072 1695 animorum
1115 1635 1296 1707 facta,
1355 1634 1767 1712 ignoraremus
1809 1652 1877 1695 ac
1919 1635 2095 1694 modo
2143 1642 2375 1695 nosmet

105 1733 172 1784 15
224 1719 389 1797 ipsos
419 1718 594 1780 modo
624 1719 903 1783 mulieres
932 1720 1304 1781 intueremur

1291 1826 1323 1864 ἡ

148 1890 203 1941 L
392 1885 402 1969 Ι
445 1888 597 1948 ‘ideo
640 1889 794 1963 vetui
839 1888 1013 1950 hodie
1046 1889 1105 1948 in
1136 1888 1252 1950 hoc
1283 1890 1616 1950 deversorio
1650 1907 2005 1970 quemquam
2034 1888 2370 1949 mortalium

225 1972 485 2046 admitti,
530 1982 595 2034 ut
639 1974 963 2035 remedium
1008 1974 1288 2035 tertianae
1333 1975 1462 2035 sine
1493 1975 1609 2035 ulla
1639 1975 2113 2055 interpellatione
2143 1992 2175 2034 a
2204 1973 2369 2036 vobis

223 2058 600 2137 acciperem.'
661 2069 725 2119 ut
768 2059 912 2120 haec
956 2059 1097 2120 dixit
1141 2060 1453 2132 Quartilla,
1502 2059 1768 2139 Ascyltos
1806 2061 2037 2138 quidem
2071 2060 2369 2139 paulisper

225 2143 554 2222 obstupuit,
594 2162 702 2223 ego
733 2153 928 2206 autem
959 2143 1225 2225 frigidior
1255 2145 1445 2206 hieme
1476 2145 1701 2206 Gallica·
1723 2145 1910 2206 factus
1942 2144 2165 2205 nullum
2197 2145 2366 2223 potui

104 2241 175 2290 20
222 2228 470 2289 verbum
525 2229 812 2290 emittere.
873 2231 974 2292 sed
1021 2248 1095 2292 ne
1140 2229 1280 2310 quid
1325 2229 1548 2292 tristius
1593 2239 1992 2311 expectarem,
2055 2230 2363 2290 comitatus

220 2314 495 2375 faciebat.
556 2313 674 2377 tres
720 2315 876 2375 enim
923 2324 1093 2376 erant
1137 2316 1543 2388 mulierculae,
1600 2316 1647 2377 si
1694 2315 1832 2394 quid
1878 2315 2096 2376 vellent
2137 2315 2362 2387 conari,

219 2400 688 2472 infirmissimae,
735 2400 958 2461 scilicet
1000 2409 1207 2461 contra
1254 2419 1396 2471 noS,
1442 2400 1645 2480 quibus
1688 2401 1735 2461 si
1774 2399 1920 2460 nihil
1948 2399 2139 2474 aliud,
2184 2400 2364 2460 virilis

215 2503 401 2547 sexus
429 2493 598 2546 esset.
653 2493 713 2546 et
741 2486 1061 2564 praecincti
1092 2493 1251 2546 certe
1282 2484 1455 2546 alt-ius
1485 2503 1734 2547 eramus,
1782 2485 1960 2546 immo
1992 2503 2102 2563 ego
2134 2485 2218 2546 sic
2249 2484 2362 2545 iam

213 2570 383 2651 paria
428 2588 909 2650 composueram,
955 2580 1021 2631 ut
1050 2571 1097 2632 si
1131 2571 1591 2650 depugnandum
1624 2571 1803 2643 foret,
1849 2571 1975 2649 ipse
2005 2589 2141 2631 cum
2172 2569 2364 2640 Quar-

96 2667 160 2717 25
209 2655 337 2716 tilla
370 2656 754 2717 consisterem
774 2702 789 2727 ,
822 2655 1088 2736 Ascyltos
1120 2674 1254 2716 cum
1288 2656 1519 2730 ancilla,
1552 2656 1726 2717 Giton
1759 2674 1894 2717 cum
1927 2655 2151 2733 virgine

1282 2760 1316 2798 *

387 2833 533 2886 tunc
578 2830 715 2885 v'ero
762 2824 978 2886 excidit
1021 2825 1213 2887 omnis
1258 2825 1589 2887 constantia
1634 2826 1913 2897 attonitis
1962 2833 2019 2885 et
2051 2843 2209 2886 mors
2239 2844 2361 2886 non

209 2908 393 2970 dubia
426 2910 778 2972 miserorum
812 2911 1015 2972 oculos
1045 2910 1242 2989 coepit
1271 2909 1567 2971 obducere

1272 3016 1306 3054 *

391 3078 573 3158 ‘rogo’
606 3079 847 3157 inquam
881 3079 1167 3152 ‘domina‚
1200 3080 1249 3140 si
1281 3080 1421 3159 quid
1451 3080 1679 3141 tristius
1709 3098 1901 3159 paras,
1931 3079 2183 3141 celerius
2213 3097 2358 3141 con·
2379 3088 2458 3150 20

206 3165 358 3239 fice3
407 3182 602 3243 neque
633 3165 791 3225 enim
823 3174 940 3225 tam
968 3183 1249 3244 magnum
1274 3165 1505 3226 facinus
1534 3165 1904 3238 admisimuS,
1950 3174 2017 3225 ut
2045 3164 2363 3226 debeamus

90 3259 151 3310 30
200 3249 354 3310 torti
388 3248 600 3328 perire’

1274 3356 1307 3393 *

401 3418 614 3480 ancilla
645 3437 796 3498 quae
828 3420 1051 3500 Psyche
1082 3419 1430 3493 vocabatur,
1469 3419 1781 3482 lodiculam
1815 3421 1874 3480 in
1908 3418 2241 3500 pavimento
2273 3419 2360 3479 di-

198 3503 469 3583 ligenter
498 3504 764 3566 extendit

1275 3611 1307 3648 *

384 3672 716 3734 sollicitavit
743 3673 986 3751 inguina
1018 3692 1147 3736 mea
1179 3674 1339 3736 mille
1371 3674 1485 3736 iam
1516 3675 1804 3736 mortibus
1835 3674 2040 3753 frigida
2118 3673 2121 3678 ’

386 3892 409 3942 1
453 3894 646 3941 tentata
692 3892 778 3942 vel
824 3894 1067 3959 temptata
1107 3907 1259 3960 manu
1290 3891 1318 4026 dl
1353 3894 1382 3943 3
1417 3894 1729 3957 flagitamus
1766 3908 1859 3944 vos
1894 3893 1985 3946 lite
2019 3892 2040 3960 ΙΙ
2080 3895 2110 3945 8
2150 3893 2311 3945 flectit
2344 3891 2363 3957 1

198 3961 269 4012 13
313 3958 474 4009 nimio
512 3958 638 4009 libri
679 3964 901 4025 praeter
937 3960 1254 4011 Bernemem
1347 3961 1410 4012 23
1448 3966 1610 4023 esset,
1661 3966 1713 4011 at
1758 3961 1925 4012 codem
1962 3962 2360 4027 Scaliger-anm.

193 4032 252 4078 ei
292 4026 602 4091 particulae
636 4028 784 4079 locus
819 4032 937 4079 erat
969 4031 1028 4079 in
1058 4032 1254 4094 priore
1289 4031 1553 4079 sententia
1590 4033 1776 4095 aperte
1810 4030 1997 4081 mutila
