2881 4580
1201 303 1479 358 SATIRAE
2316 301 2395 363 21

182 477 227 527 Η
255 477 490 547 herent.
555 477 763 539 ‘Iliada
808 486 866 538 et
909 476 1223 558 Odyssian'
1254 477 1448 556 inquit
1483 475 1493 559 Ι
1535 481 1631 537 ‘ac
1674 475 1950 538 Laenatis
1992 475 2400 555 gladiatorium

251 563 515 625 munus.’
577 581 700 624 non
730 561 945 624 licebat
972 563 1307 624 multaciam
1336 562 1713 624 considerare
2424 565 2505 629 30

152 746 246 798 HL
432 751 544 794 nos
583 732 594 813 Ι
632 733 748 794 iam
777 732 845 793 ad
878 732 1200 794 triclinium
1229 749 1703 812 perveneramus,
1735 731 1799 792 in
1830 731 1998 793 cuius
2027 741 2192 811 parte
2215 732 2403 811 prima

196 858 197 861 κ
258 827 617 898 procurator
636 818 895 879 rationes
916 816 1258 898 accipiebat.
1304 826 1363 879 et
1383 818 1543 897 quod
1565 816 1883 898 praecipue
1906 816 2150 879 miratus
2171 836 2321 891 sum,
2341 818 2400 879 in

186 913 214 963 5
257 901 535 984 postibus
577 902 817 964 triclinii
860 902 1047 964 fasces
1075 911 1244 965 erant
1273 921 1410 964 cum
1437 901 1749 965 securibus
1778 902 1895 977 fixi,
1939 918 2192 981 quorum
2222 920 2401 964 unam

259 997 491 1069 partem
523 988 690 1067 quasi
720 987 1016 1049 embolum
1049 988 1210 1049 navis
1238 1004 1491 1048 aeneum
1519 987 1781 1062 finiebat,
1812 987 1874 1048 in
1907 1005 2025 1066 quo
2057 996 2183 1047 erat
2210 987 2406 1067 scrip-

261 1083 422 1134 tum:
462 1073 543 1134 ‘C.
577 1073 861 1152 Pompeio
893 1072 1332 1143 Trimalchioni,
1364 1072 1554 1133 seviro
1584 1073 1904 1151 Augustali,
1938 1072 2258 1134 Cinnamus
2287 1072 2406 1134 dis-

262 1157 585 1239 pensator’.
645 1158 756 1220 sub
788 1158 992 1219 eodem
1023 1158 1194 1219 titulo
1227 1167 1288 1218 et
1315 1158 1560 1219 lucerna
1581 1157 1871 1238 bilychnis
1900 1157 1972 1218 de
2004 1175 2234 1218 camera
2256 1176 2407 1236 pen-

267 1241 474 1319 debat,
521 1251 582 1304 et
609 1242 758 1305 duae
787 1242 1019 1304 tabulae
1050 1245 1112 1302 in
1142 1250 1398 1322 utroque
1428 1251 1600 1322 poste
1630 1243 1883 1311 defixae,
1929 1244 2179 1320 quarum
2207 1242 2406 1311 altera,

157 1338 216 1390 10
266 1329 319 1389 si
346 1327 502 1389 bene
531 1328 793 1403 memini,
823 1328 938 1389 hoc
966 1327 1218 1389 habebat
1246 1328 1626 1406 inscriptum:
1675 1327 1792 1388 ιΙΙΙ.
1824 1336 1884 1388 et
1911 1327 2098 1406 pridie
2131 1326 2407 1388 kalendas

267 1412 569 1475 Ianuarias
599 1413 660 1474 C.
693 1423 897 1476 noster
939 1414 1098 1475 foras
1139 1412 1350 1487 cenat’,
1395 1413 1576 1473 altera
1606 1412 1781 1473 lunae
1810 1430 2048 1473 cursum
2077 1411 2406 1473 stellarum-

271 1516 387 1577 que
416 1506 642 1578 septem
673 1499 957 1577 imagines
985 1498 1205 1578 pictas;
1249 1507 1309 1558 et
1341 1497 1442 1577 qui
1472 1497 1596 1559 dies
1625 1497 1770 1558 boni
1797 1497 2018 1576 quique
2036 1495 2408 1557 incommodi

268 1592 486 1658 essent,
519 1582 916 1661 distinguente
945 1583 1102 1644 bulla
1135 1582 1511 1644 notabantur.

183 1683 240 1732 Η
429 1667 440 1750 Ι
479 1669 572 1729 his
615 1668 825 1748 repleti
867 1668 1262 1748 voluptatibus
1307 1686 1443 1729 cum
1488 1685 1842 1729 conaremur
1869 1667 1931 1729 in
1964 1665 2284 1727 triclinium
2314 1666 2407 1728 in·-
2483 1684 2492 1692 ·

160 1763 217 1814 15
268 1761 456 1827 trare,
505 1753 846 1815 exclamavit
888 1772 1045 1814 unus
1090 1772 1161 1815 ex
1206 1753 1435 1833 pueris,
1481 1753 1583 1832 qui
1627 1771 1809 1833 super
1851 1753 1963 1813 hoc
1995 1752 2254 1813 officium
2284 1760 2409 1813 erat

266 1839 527 1919 positus:
574 1839 798 1900 ‘dextro
842 1838 1031 1919 pede'.
1090 1838 1220 1900 sine
1264 1837 1444 1899 dubio
1489 1837 1790 1918 paulisper
1830 1838 2277 1918 trepidavimuS,
2331 1856 2408 1898 ne

165 1929 256 1981 HL
273 1933 483 1985 contra
534 1931 919 2004 praeceptum
963 1923 1172 2002 aliquis
1221 1934 1491 1985 nostrum
1536 1923 1712 1984 limen
1760 1923 2056 1985 transiret.
2098 1919 2107 2003 Ι
2147 1932 2410 1983 ceterum

265 2017 334 2070 ut
374 2008 598 2089 pariter
652 2009 940 2070 movimus
983 2010 1221 2070 dextros
1263 2026 1535 2087 gressuS,
1592 2027 1794 2070 servus
1838 2007 2011 2070 nobis
2054 2007 2410 2087 despoliatus

268 2092 593 2174 procubuit
635 2095 704 2155 ad
737 2095 917 2173 pedes
945 2112 1014 2155 ac
1043 2111 1253 2171 rogare
1283 2093 1508 2172 coepit,
1556 2102 1622 2154 ut
1649 2113 1712 2155 se
1741 2111 1968 2173 poenae
2014 2092 2408 2172 eriperemus:

165 2188 224 2240 20
268 2197 381 2240 nec
424 2195 709 2256 magnum
741 2197 867 2240 esse
899 2187 1207 2258 peccatum
1238 2197 1443 2253 suum,
1486 2186 1732 2258 propter
1762 2179 1920 2258 quod
1950 2177 2408 2257 periclitaretur;

268 2263 559 2327 subducta
590 2264 748 2326 enim
779 2263 890 2327 sibi
918 2264 1262 2326 vestimenta
1294 2263 1716 2343 dispensatoris
1747 2264 1806 2324 in
1840 2262 2050 2324 balneo
2068 2308 2084 2337 ,
2130 2279 2281 2340 quae
2311 2261 2405 2322 vix

266 2350 521 2412 fuissent
563 2350 769 2410 decem
798 2350 1219 2411 sestertiorum.
1280 2348 1611 2409 rettulimus
1640 2367 1782 2428 ergo
1813 2348 2050 2410 dextros
2080 2346 2261 2426 pedes
2289 2346 2408 2409 dis-

269 2443 768 2514 pensatoremque
799 2434 860 2495 in
892 2435 1039 2495 atrio
1072 2452 1283 2495 aureos
1314 2441 1722 2494 numerantem
1754 2433 2051 2513 deprecati
2079 2449 2312 2506 sumus,
2343 2441 2410 2493 ut

270 2538 439 2581 servo
483 2519 811 2581 remitteret
853 2537 1127 2600 poenam.
1187 2518 1480 2598 superbus
1522 2518 1620 2579 ille
1662 2518 1896 2580 sustulit
1924 2518 2142 2579 vultum
2175 2527 2236 2578 et
2264 2521 2406 2578 ‘non

165 2613 222 2664 25
275 2613 395 2666 tam
424 2606 649 2665 iactura
679 2622 774 2666 me
803 2605 1014 2666 movet’
1038 2604 1231 2683 inquit
1252 2611 1447 2681 ‘quam
1478 2603 1832 2683 negligentia
1866 2602 2207 2682 nequissimi
2236 2602 2407 2663 servi.

264 2690 614 2752 vestimenta
661 2708 787 2751 mea
831 2688 1118 2751 cubitoria
1161 2689 1445 2769 perdidit,
1493 2707 1645 2768 quae
1681 2690 1822 2750 mihi
1855 2688 2031 2749 natali
2061 2706 2192 2749 meo
2222 2686 2408 2748 cliens

268 2775 509 2854 quidam
553 2774 900 2849 donaverat,
947 2774 1119 2855 Tyria
1163 2774 1291 2836 sine
1329 2774 1539 2849 dubio,
1584 2775 1687 2835 sed
1718 2775 1829 2836 iam
1859 2773 2039 2836 semel
2068 2773 2205 2834 lota.
2266 2772 2403 2852 quid
2428 2776 2506 2837 31

270 2879 413 2940 ergo
449 2857 579 2921 est?
624 2860 783 2920 dono
813 2859 977 2921 vohis
1008 2859 1182 2920 eum'.

444 2944 684 3023 obligati
726 2953 843 3004 tam
889 2944 1100 3025 grandi
1142 2943 1433 3005 beneficio
1480 2962 1617 3004 cum
1653 2943 2037 3005 intrassemus
2067 2944 2409 3017 triclinium,

167 3038 224 3089 30
274 3030 536 3091 occurrit
564 3029 738 3090 nobis
769 3029 866 3090 ille
897 3030 1051 3090 idem
1081 3048 1299 3100 servuS,
1332 3047 1440 3107 pro
1473 3047 1591 3107 quo
1623 3046 2052 3107 rogaveramus,
2084 3038 2142 3089 et
2164 3038 2411 3109 stupen-

267 3113 429 3176 tibus
470 3114 817 3194 spississima
850 3114 1008 3175 basia
1039 3113 1283 3194 impegit
1319 3114 1534 3192 gratias
1563 3130 1745 3191 agens
1771 3113 2121 3174 humanitati
2154 3122 2408 3175 nostrae.

269 3201 341 3261 ad
385 3217 674 3261 summam
705 3200 917 3261 ‘statim
961 3199 1175 3261 scietis'
1203 3199 1283 3260 ait
1312 3198 1427 3259 ‘cui
1458 3198 1735 3260 dederitis
1776 3198 2149 3260 beneficium.
2208 3199 2412 3259 vinum

270 3285 634 3347 dominicum
666 3284 1081 3346 ministratoris
1108 3283 1290 3362 gratia
1320 3282 1426 3344 est'

1327 3389 1361 3427 ss

443 3455 679 3515 tandem
710 3472 853 3533 ergo
883 3453 1285 3515 discubuimus
1306 3451 1509 3533 pueris
1530 3451 1938 3513 Alexandrinis
1963 3470 2172 3529 aquam
2198 3450 2258 3511 in
2284 3469 2409 3512 ma-

170 3547 225 3598 35
271 3557 385 3600 nus
433 3538 685 3599 nivatam
730 3538 1181 3600 infundentibus
1223 3538 1469 3617 aliisque
1514 3535 1966 3615 insequentibus
2010 3536 2080 3596 ad
2125 3537 2304 3615 pedes
2341 3556 2409 3598 ac

269 3623 633 3703 paronychia
684 3642 820 3684 cum
873 3624 1100 3702 ingenti
1157 3623 1475 3685 subtilitate
1533 3621 1893 3683 tollentibus.
1953 3639 2020 3682 ac
2065 3639 2141 3682 ne
2185 3621 2246 3682 in
2293 3622 2407 3683 hoc

270 3708 507 3787 quidem
540 3717 656 3769 tam
687 3709 934 3770 molesto
966 3708 1240 3769 tacebant
1269 3708 1498 3781 officio,
1544 3708 1643 3768 sed
1677 3705 1866 3767 obiter
1897 3706 2229 3768 cantabant.
2298 3725 2407 3785 ego

443 3860 474 3910 2
510 3857 670 3911 multa
704 3858 806 3910 iam
841 3856 1009 3919 fuisse
1039 3863 1168 3925 puto
1205 3862 1304 3908 aut
1343 3857 1531 3909 multas
1568 3857 1933 3923 adiectumque
1965 3860 2110 3909 inter
2157 3859 2270 3909 alia
2317 3873 2413 3908 no-

268 3943 387 3977 men
423 3926 442 3990 ΙΙ
479 3930 510 3979 3
548 3941 846 3979 veneramus
881 3926 926 3977 L
960 3925 980 3994 n
1013 3931 1041 3977 7
1081 3927 1169 3977 Cn.
1204 3926 1222 3992 ΙΙ
1258 3928 1288 3978 8
1326 3926 1481 3977 etiam
1517 3925 1561 3976 L
1586 3923 1607 3991 fl
1634 3927 1693 3978 18
1729 3926 1918 3991 pariter
1955 3942 2053 3977 om.
2089 3925 2134 3976 L
2157 3926 2178 3993 Ι
2205 3929 2264 3979 19
2290 3930 2410 3977 ante

271 3994 428 4061 pedes
450 3994 494 4046 L
530 3992 550 4063 ΙΙ
586 3997 648 4047 23
686 3996 737 4046 in
775 3996 1002 4061 precario
1037 3993 1057 4062 ΙΙ
1091 3997 1155 4047 26
1182 3994 1458 4046 donaverat
1492 3992 1651 4045 cliens
1688 3993 1892 4060 quidam
1919 3993 1962 4044 L
1998 3994 2018 4058 ΙΙ
2053 3996 2115 4046 28
2155 4009 2270 4046 eum
2310 4009 2409 4046 om.

273 4062 316 4112 L
349 4061 369 4130 ΙΙ
408 4064 472 4114 30
508 4063 835 4129 stupentibus
861 4067 988 4129 post
1022 4063 1163 4114 basia
1198 4061 1243 4114 L
1279 4062 1508 4113 collocat
1539 4061 1557 4126 fl
1591 4063 1655 4114 35
1690 4061 1943 4128 ped...ad
1980 4062 2036 4112 H
