2881 4580
385 1057 464 1119 13

386 2077 467 2138 14

485 281 564 342 12
1410 281 1714 335 PETRONII

481 458 558 520 sit
599 474 668 517 ac
712 456 1053 535 diligentius
1097 455 1477 517 considerare
1520 455 1759 535 pallium
1805 455 2017 534 coepit.
2077 455 2329 516 invicem
2358 454 2628 534 Ascyltos

483 541 685 604 iniecit
714 541 1276 621 contemplationem
1307 559 1490 620 super
1522 558 1758 602 umeros
1790 540 1994 602 rustici
2025 540 2306 620 emptoris
2336 558 2405 601 ac
2426 539 2624 602 subito

481 627 843 695 exanimatus
887 626 1191 687 conticuit.
1252 644 1320 687 ac
1365 645 1442 687 ne
1486 626 1610 704 ipse
1657 625 1893 703 quidem
1924 626 2053 687 sine
2090 625 2286 704 aliquo
2318 634 2486 686 motu
2515 627 2625 687 ho·

480 713 701 773 minem
747 712 1059 791 conspexi,
1107 729 1241 772 nam
1284 709 1591 772 videbatur
1634 710 1729 771 ille
1761 710 1902 771 mibi
1931 729 2090 783 esse,
2137 710 2238 790 qui
2268 711 2528 772 tunicam
2559 711 2623 772 in

481 796 798 859 solitudine
822 796 1148 857 invenerat.
1194 796 1370 875 plane
1402 796 1453 856 is
1474 795 1601 875 ipse
1627 805 1766 856 erat.
1813 795 1915 857 sed
1939 814 2074 857 cum
2099 796 2364 875 Ascyltos
2395 796 2629 857 timeret

482 881 655 943 fidem
690 882 1027 953 oculorum,
1062 900 1138 942 ne
1171 882 1307 959 quid
1339 889 1560 941 temere
1591 881 1841 953 faceret,
1887 882 2053 960 prius
2083 890 2361 958 tanquam
2392 888 2626 960 emptor

481 968 727 1047 propius
757 967 1006 1028 accessit
1033 967 1399 1045 detraxitque
1431 966 1650 1028 umeris
1678 966 1950 1027 laciniam
1979 975 2039 1027 et
2067 965 2404 1044 diligentius
2434 975 2624 1047 temp-

483 1052 644 1112 tavit.
703 1052 965 1113 clusum
993 1053 1265 1112 fortunae
1309 1051 1655 1112 mirabilem.
1717 1068 1851 1111 nam
1882 1052 2072 1113 adhuc
2102 1061 2340 1112 suturae
2386 1051 2621 1131 quidem

484 1155 608 1198 non
664 1137 937 1198 attulerat
990 1137 1245 1198 rusticus
1289 1137 1552 1201 curiosas
1596 1155 1837 1209 manus,
1893 1136 1997 1198 sed
2041 1145 2319 1215 tanquam
2365 1136 2623 1198 mendici

483 1222 735 1301 spolium
783 1222 958 1283 etiam
996 1221 1293 1284 fastidiose
1338 1220 1691 1283 venditabat.
1751 1222 2018 1301 Ascyltos
2047 1229 2359 1301 postquam
2392 1221 2627 1300 deposi-

483 1316 608 1368 tum
653 1326 783 1369 esse
828 1306 1170 1368 inviolatum
1214 1307 1355 1368 vidit
1400 1317 1460 1368 et
1503 1325 1820 1386 personam
1865 1306 2172 1368 vendentis
2203 1315 2622 1386 contemptam,

484 1393 716 1455 seduxit
744 1411 837 1461 me
870 1391 1173 1471 paululum
1203 1411 1235 1453 a
1266 1391 1439 1453 turba
1471 1402 1530 1452 et
1560 1396 1574 1423 ⁶
1594 1391 1736 1452 scis’
1766 1392 1960 1471 inquit
1991 1393 2231 1464 ‘fratem
2277 1392 2519 1454 rediisse
2547 1392 2624 1452 ad

484 1497 597 1539 nos
626 1479 965 1540 thesaurum
997 1478 1069 1539 de
1101 1495 1221 1556 quo
1253 1474 1589 1555 querebar?
1634 1476 1728 1537 illa
1760 1484 1851 1537 est
1876 1476 2138 1538 tunicula
2168 1478 2377 1552 adhuc,
2423 1485 2490 1538 ut
2516 1495 2625 1556 ap-

485 1571 679 1642 paret,
725 1563 962 1625 intactis
990 1562 1198 1629 ,aureis
1244 1562 1437 1641 plena.
1499 1561 1641 1640 quid
1687 1579 1827 1639 ergo
1873 1562 2151 1636 facimus,
2198 1562 2298 1623 aut
2342 1580 2461 1642 quo
2491 1563 2626 1623 iure

484 1665 611 1715 rem
644 1657 906 1708 nostram
938 1647 1298 1708 vindicamus
1312 1644 1360 1706 ‘l'
2288 1712 2294 1718 ‚

654 1732 1006 1792 exhilaratus
1062 1750 1172 1810 ego
1220 1750 1342 1792 non
1386 1740 1616 1793 tantum
1666 1731 1798 1809 quia
1844 1731 2119 1810 praedam
2164 1726 2459 1807 videbam,
2519 1733 2628 1794 sed

484 1818 657 1878 etiam
690 1817 849 1895 quod
879 1817 1119 1877 fortuna
1149 1833 1243 1877 me
1274 1835 1307 1877 a
1337 1816 1673 1896 turpissima
1707 1817 2045 1896 suspicione
2069 1816 2384 1890 dimiserat,
2419 1819 2628 1896 negavi

487 1902 740 1964 circuitu
771 1902 1082 1980 agendum,
1113 1902 1217 1962 sed
1247 1901 1421 1981 plane
1445 1902 1575 1963 iure
1605 1901 1758 1962 civili
1780 1902 2198 1974 dimicandum,
2230 1912 2297 1964 ut
2324 1903 2374 1964 si
2398 1902 2630 1964 nollent

488 1987 738 2048 alienam
769 2005 897 2048 rem
929 1986 1169 2047 domino
1200 1987 1468 2059 reddere,
1501 1987 1570 2048 ad
1603 1986 1989 2048 interdictum·
2011 1991 2298 2049 venirent.

660 2082 866 2133 contra
900 2071 1165 2151 Ascyltos
1194 2071 1354 2151 leges
1384 2069 1629 2132 timebat
1658 2081 1716 2132 et
1747 2071 1940 2151 ‘quis'
1970 2071 2161 2133 aiebat
2191 2074 2323 2134 ‘hoc-
2353 2073 2483 2134 loco
2515 2091 2634 2135 nos

489 2157 666 2231 novit,
688 2165 789 2218 aut
810 2157 942 2237 quis
964 2155 1202 2217 habebit
1225 2157 1560 2220 dicentibus
1582 2155 1800 2217 fidem?
1832 2157 1974 2218 mihi
1997 2156 2172 2236 plane
2195 2158 2386 2237 placet
2408 2176 2629 2230 emere,

485 2242 750 2323 quamvis
785 2252 1053 2305 nostrum
1084 2243 1177 2315 sit,
1210 2242 1369 2322 quod
1400 2241 1793 2321 agnoscimus,
1827 2251 1886 2304 et
1914 2261 2091 2323 parvo
2117 2261 2250 2305 aere
2275 2261 2634 2323 recuperare

485 2329 683 2409 potius
712 2329 1071 2401 thesaurum,
1104 2347 1278 2408 quam
1310 2329 1370 2389 in
1404 2328 1737 2408 ambiguam
1768 2328 1928 2389 litem
1960 2328 2349 2391 descendere:

733 2414 743 2495 Ι
783 2415 924 2493 quid
953 2413 1172 2475 faciant
1201 2413 1379 2493 leges,
1414 2413 1518 2474 ubi
1550 2413 1674 2474 sola
1704 2414 1955 2492 pecunia
1985 2422 2221 2492 regnat,

826 2509 925 2559 aut
951 2499 1053 2560 ubi
1085 2509 1400 2578 paupertas
1431 2499 1665 2560 vincere
1698 2498 1857 2559 nulla
1895 2497 2135 2577 potest?
2167 2559 2172 2564 .

742 2582 853 2663 ipsi
885 2584 986 2663 qui
1018 2583 1232 2663 Cynica
1262 2583 1584 2645 traducunt
1615 2594 1878 2662 tempora
1910 2602 2081 2663 pera,

828 2688 949 2728 non
983 2686 1290 2746 nunquam
1321 2669 1578 2729 nummis
1607 2670 1861 2729 vendere
1892 2687 2027 2729 vera
2055 2669 2267 2730 solent.

743 2771 884 2829 ergo
916 2752 1196 2813 iudicium
1231 2753 1375 2814 nihil
1405 2763 1495 2815 est
1528 2752 1637 2815 nisi
1669 2753 1902 2833 publica
1937 2771 2192 2827 merceS,

826 2845 1001 2916 atque
1031 2855 1214 2917 eques
1244 2837 1303 2899 in
1338 2857 1513 2900 causa
1544 2838 1645 2917 qui
1675 2840 1867 2910 sedet,
1900 2847 2096 2918 empta
2124 2837 2373 2918 probat.’

650 2918 661 3005 Ι
698 2923 799 2984 sed
846 2930 1082 3002 praeter
1126 2941 1310 2984 unum
1357 2924 1737 3003 dipondium,
1784 2943 1902 3003 quo
1951 2925 2107 2985 cicer
2137 2925 2492 3003 lupinosque
2522 2923 2630 2985 de-

486 3007 909 3069 stinaveramus
952 3008 1232 3080 mercari,
1281 3008 1425 3069 nihil
1470 3009 1542 3068 ad
1587 3027 1826 3068 manum
1857 3017 1997 3069 erat.
2056 3010 2253 3089 itaque
2285 3028 2360 3070 ne
2389 3008 2632 3070 interim

487 3091 702 3172 praeda
751 3092 1106 3166 discederet,
1150 3095 1242 3153 vel
1284 3094 1534 3154 minoris
1580 3093 1821 3173 pallium
1854 3093 2125 3155 addicere
2156 3094 2376 3175 placuit
2403 3102 2463 3154 et
2491 3112 2634 3172 pre-

484 3178 631 3238 tium
676 3178 915 3239 maioris
947 3178 1281 3257 compendii
1312 3179 1587 3239 leviorem
1620 3180 1813 3239 facere
1844 3179 2145 3240 iacturam.
2205 3197 2339 3239 cum
2372 3179 2634 3258 primum

446 3325 449 3330 ,
487 3281 627 3340 ergo
674 3263 1062 3341 explicuimus
1092 3281 1347 3333 mercem
1368 3310 1382 3335 ,
1430 3263 1644 3324 mulier
1674 3273 1882 3342 operto
1914 3266 2135 3344 capite,
2181 3282 2332 3342 quae
2364 3282 2495 3326 cum
2529 3282 2635 3324 ru-

485 3348 634 3408 stico
666 3357 935 3420 steterat,
983 3348 1267 3427 inspectis
1310 3348 1650 3426 diligentius
1695 3349 1879 3427 signis
1923 3349 2124 3410 iniecit
2153 3360 2462 3425 utramque
2492 3348 2634 3409 laci-

486 3433 617 3493 niae
649 3451 890 3496 manum
922 3450 1250 3511 magnaque
1285 3433 1704 3494 vociferatione
1735 3433 2030 3495 ‘latrones'
2064 3428 2313 3518 [tenere]
2346 3433 2632 3495 clamavit.

446 3556 451 3561 -
487 3526 695 3579 contra
744 3536 852 3578 nos
897 3518 1244 3597 perturbati,
1294 3537 1369 3579 ne
1400 3518 1732 3579 videremur
1765 3519 1909 3579 nihil
1938 3538 2129 3598 agere,
2163 3528 2221 3579 et
2250 3519 2360 3598 ipsi
2391 3520 2633 3581 scissam

657 3652 685 3701 2
724 3652 853 3700 haec
886 3650 1025 3701 male
1060 3655 1352 3702 contracta.
1422 3652 1663 3701 Petronii
1709 3654 1902 3717 opinor
1944 3650 2112 3711 fuisse
2156 3652 2358 3703 tunicae
2405 3655 2637 3703 contem·

485 3717 712 3784 plutione
760 3719 976 3770 iniectae
1026 3733 1178 3785 super
1215 3733 1417 3771 umeros
1455 3719 1629 3769 rustici
1657 3720 1728 3782 117
1767 3720 1973 3785 tenuitfl
2002 3722 2032 3771 8
2070 3719 2236 3771 adbuc
2287 3734 2380 3771 nec
2430 3720 2635 3771 suturae

485 3790 601 3848 (aut
636 3786 871 3851 furtivae)
907 3785 1111 3853 quidem
1157 3787 1397 3839 attulerat
1419 3791 1437 3849 n
1470 3789 1530 3840 18
1568 3787 1730 3839 nollet
1754 3787 1773 3854 ΙΙ
1802 3791 1865 3841 19
1903 3789 2099 3839 veniret
2121 3788 2139 3854 ΙΙ
2169 3790 2235 3840 24
2270 3790 2369 3840 hoc
2417 3802 2638 3840 carmen

486 3855 614 3905 libri
652 3855 816 3920 paulo
863 3858 1109 3919 superius
1155 3855 1490 3906 collocarunt
1524 3861 1652 3920 post
1695 3857 1894 3907 veniret
1944 3859 2005 3909 19
2035 3856 2052 3919 ΙΙ
2078 3858 2141 3909 26
2178 3858 2333 3922 cerass
2363 3859 2424 3908 27
2472 3855 2636 3909 verba

485 3921 656 3973 solent
692 3937 858 3973 emere
899 3922 1074 3989 01130
1112 3922 1413 3988 dipondium
1452 3922 1575 3973 sicel
1613 3922 1920 3990 lupinosque
1957 3924 2143 3990 quibus
2180 3924 2636 3977 destinaveramus.

484 3992 735 4040 narratio
772 3994 1051 4056 amputata
1075 3990 1093 4055 11
1121 3992 1183 4043 31
1224 3993 1395 4058 itaque
1425 3991 1552 4041 libri
1579 3997 1706 4057 post
1739 3991 2024 4044 discederet
2058 3992 2394 4043 collocarunt
2416 3991 2436 4059 ΙΙ
2465 3994 2530 4044 32
2558 3997 2633 4056 et]

486 4063 541 4110 ut
566 4058 584 4125 ΙΙ
612 4061 675 4111 33
713 4059 902 4111 faceret
939 4074 1041 4123 quo
1077 4065 1287 4110 servato
1329 4059 1631 4111 Gronovius
1666 4059 1831 4112 levior
1865 4064 1917 4110 et
1952 4060 2142 4111 iactura
2168 4060 2188 4127 ΙΙ
2214 4062 2280 4113 34
2315 4063 2494 4128 aperto

2663 465 2724 516 L

2679 810 2722 863 5

2685 1233 2764 1287 10

2687 1657 2766 1710 15

2689 2085 2770 2137 20

2645 2412 2769 2465 Lo
2857 2467 2858 2534 1

2687 2512 2763 2563 25

2684 2938 2837 2996 301„

2692 3363 2768 3413 35
2849 3369 2850 3372 A
