2881 4580
415 292 446 350 1
457 289 537 349 56
923 284 938 301 '
1354 291 1649 346 GARMlNA

636 483 826 526 venus
855 463 967 525 fuit
996 463 1213 543 quieta,
1247 484 1359 528 nec
1387 466 1636 528 viriliter

521 561 552 611 5
638 551 803 612 iners
830 549 1017 610 senile
1046 550 1219 629 penis
1249 551 1457 613 extulit
1483 560 1681 632 caput.

637 636 847 716 placet,
879 634 1108 714 Priape,
1142 636 1244 714 qui
1273 635 1385 698 sub
1417 636 1648 699 arboris
1677 655 1844 699 coma

636 721 812 795 soleS,
844 738 1080 781 sacrum
1111 721 1376 784 revincte
1404 722 1686 804 pampino
1720 731 1914 802 caput,

638 804 823 867 ruber
851 806 1059 867 sedere
1088 824 1223 867 cum
1253 806 1507 868 rubente
1537 806 1809 869 fascino?

638 900 715 966 at,
745 910 780 952 o
813 890 1129 970 Triphalle,
1159 910 1334 972 saepe
1364 892 1610 954 floribus
1641 893 1811 955 novis

495 986 552 1039 10
636 985 770 1038 tuas
798 976 929 1038 sine
958 985 1085 1038 arte
1115 976 1497 1057 deligavimus
1527 997 1743 1054 comas,

636 1062 1061 1141 abegimusque
1093 1081 1235 1123 voce
1264 1082 1462 1144 saepe,
1494 1083 1631 1126 cum
1660 1063 1767 1125 tibi
1872 1099 1877 1104 .

638 1165 892 1210 senexve
922 1165 1136 1209 corvus
1167 1147 1490 1229 impigerve
1520 1149 1832 1230 gracculus

636 1250 871 1295 sacrum
900 1232 1106 1294 feriret
1134 1251 1237 1294 ore
1266 1253 1489 1296 corneo
1521 1244 1717 1314 caput.

635 1317 760 1379 vale
793 1317 1049 1379 nefande
1080 1318 1393 1381 destitutor
1423 1320 1758 1400 inguinum,

497 1414 554 1466 15
640 1403 767 1464 vale
799 1403 1038 1483 Priape:
1072 1402 1261 1465 debeo
1292 1405 1401 1467 tibi
1431 1406 1599 1467 nihil.

638 1474 860 1551 iacebis
890 1489 1048 1551 inter
1077 1508 1212 1551 arva
1241 1489 1495 1570 pallidus
1524 1490 1659 1562 situ,

636 1574 917 1654 canisque
948 1592 1117 1636 saeva
1146 1593 1367 1654 susque
1395 1575 1596 1655 ligneo
1626 1575 1734 1637 tibi
1780 1630 1781 1633 ,

637 1660 869 1722 lutosus
901 1659 1190 1721 affricabit
1219 1661 1469 1722 oblitum
1498 1662 1670 1723 latus.

638 1752 697 1806 at
728 1764 763 1806 o
794 1743 1041 1807 sceleste
1071 1744 1329 1823 penis,.o
1361 1763 1561 1807 meum
1592 1746 1831 1822 malum,

493 1842 551 1893 20
635 1829 796 1909 gravi
827 1829 1043 1909 piaque
1073 1830 1205 1908 lege
1236 1831 1472 1892 noxiam
1504 1831 1652 1894 lues.

636 1915 776 1977 licet
804 1932 1074 1993 querare,
1108 1933 1220 1976 nec
1248 1915 1355 1978 tibi
1386 1925 1561 1978 tener
1589 1934 1742 1997 puer

636 2000 861 2081 patebit
888 1999 1063 2075 ulluS,
1094 1999 1445 2063 imminente
1478 2001 1577 2082 qui
1611 2010 1744 2064 toro

637 2086 874 2147 iuvante
906 2092 1095 2147 verset
1124 2093 1247 2147 arte
1280 2086 1562 2149 mobilem
1595 2096 1811 2163 uatem,

529 2186 534 2191 ·
639 2171 836 2251 puella
869 2189 982 2232 nec
1012 2171 1213 2233 iocosa
1243 2180 1301 2233 te
1330 2172 1444 2234 levi
1475 2190 1655 2234 manu

494 2267 552 2319 25
637 2255 862 2318 fovebit
891 2256 1254 2337 apprimetve
1283 2258 1546 2320 lucidum
1576 2260 1789 2321 femur.

637 2341 849 2404 bidens
879 2342 1066 2404 amica
1098 2342 1335 2405 Romuli
1368 2346 1530 2406 senis
1561 2362 1791 2405 memor

639 2437 902 2508 paratur,
934 2429 1091 2490 inter
1120 2438 1245 2490 atra
1277 2430 1449 2492 cuius
1478 2430 1722 2508 inguina
1822 2475 1837 2488 .

636 2515 779 2576 latet
806 2514 1035 2575 iacente
1064 2514 1303 2592 pantice
1332 2514 1568 2577 abditus
1597 2533 1830 2594 specu8‚

636 2616 902 2679 vagaque
932 2599 1086 2677 pelle
1117 2607 1311 2661 tectus
1342 2619 1546 2661 annuo
1577 2601 1716 2681 gelu

493 2694 551 2746 30
635 2702 958 2745 araneosus
988 2682 1217 2745 obsidet
1245 2685 1435 2746 forem
1466 2685 1633 2748 situs.
1790 2759 1799 2770 .

638 2767 747 2831 tibi
779 2769 924 2829 haec
953 2777 1218 2849 paratur,
1249 2779 1316 2832 ut
1345 2779 1514 2833 tuum
1546 2780 1639 2832 ter
1668 2777 1771 2831 aut
1802 2771 2012 2850 quater

635 2861 805 2915 voret
832 2855 1126 2935 profunda
1157 2856 1311 2917 fossa
1343 2854 1637 2918 lubricum
1661 2865 1857 2935 caput.

637 2938 839 3001 licebit
868 2957 1044 3019 aeger
1074 2957 1268 3018 angue
1299 2941 1518 3002 lentior
1547 2940 1748 3014 cubeS‚

638 3024 852 3086 tereris
881 3043 1092 3105 usque,
1123 3026 1317 3087 donec
1361 3044 1393 3087 a
1424 3027 1604 3088 miser
1633 3026 1814 3092 miser

491 3120 551 3171 35
638 3109 972 3190 triplexque
1000 3111 1485 3192 quadruplexque
1517 3112 1815 3193 compleas
1845 3129 2110 3191 specum.

636 3194 918 3276 superbia
945 3195 1054 3257 ista
1084 3197 1352 3277 proderit
1382 3197 1549 3271 nihil,
1580 3197 1757 3259 simul

635 3299 850 3360 vagum
880 3290 1132 3343 sonante
1162 3282 1442 3344 merseris
1470 3291 1651 3362 caput
1677 3283 1823 3344 luto.

638 3366 779 3446 quid
811 3375 919 3441 est,
950 3364 1154 3429 iners?
1184 3367 1427 3448 pigetne
1458 3366 1872 3430 lentitudinis?

638 3451 840 3513 licebit
865 3452 981 3514 hoc
1008 3452 1233 3514 inultus
1263 3454 1496 3514 auferas
1526 3453 1742 3515 semel:

493 3547 554 3599 40
638 3537 740 3598 sed
772 3536 869 3598 ille
900 3555 1035 3600 cum
1066 3537 1283 3599 redibit
1311 3556 1528 3599 aureus
1557 3556 1725 3616 puer,

639 3621 816 3683 simul
844 3632 1093 3684 sonante
1121 3623 1379 3685 senseris
1407 3624 1523 3684 iter
1549 3622 1720 3701 pede,

638 3716 888 3786 repente
918 3726 1134 3770 nervos
1163 3709 1417 3770 excubet
1446 3706 1711 3784 libidine,

580 3921 822 3977 Lxxxlu
859 3928 892 3977 4
925 3925 1062 3977 vieta
1099 3927 1346 3978 Heinsius
1374 3926 1383 3992 Ι
1419 3929 1481 3981 19
1519 3942 1551 3979 o
1588 3926 1671 3979 cui
1707 3941 1875 3980 meum
1912 3926 2082 3978 codex
2117 3925 2445 3980 Cuiacianus
2477 3932 2568 3995 qui

414 3993 466 4041 at
500 4006 532 4041 o
569 3994 771 4055 omisit,
816 3993 959 4044 unde
1003 3997 1208 4046 conieci
1251 3994 1411 4046 otium
1460 4010 1629 4048 meum
1667 3996 1858 4047 malum
1899 3994 1911 4063 Ι
1956 3996 2020 4048 22
2068 3995 2362 4063 ingemente
2399 4012 2566 4048 exem-

407 4057 596 4122 plaria
630 4064 809 4111 vetera
839 4061 849 4128 Ι
880 4062 945 4112 42
980 4060 1178 4126 rigente
1216 4061 1541 4114 Cuiaeianus
