2881 4580
289 2115 410 2176 120

457 331 539 389 86
1382 330 1688 384 PETRONII

630 513 718 565 est
744 505 908 564 favor
935 504 996 565 in
1029 503 1241 583 pretio.
1300 503 1546 564 senibus
1576 521 1815 582 quoque
1844 501 2030 564 libera
2056 502 2238 566 virtus

629 589 943 662 exciderat,
976 588 1316 669 sparsisque
1346 587 1562 669 opibus
1592 605 1876 649 conversa
1908 595 2166 666 potestas

631 674 882 754 ipsaque
915 675 1184 735 maiestas
1212 691 1356 735 auro
1389 681 1670 752 corrupta
1701 671 1946 733 iacebat.

546 769 605 819 45
634 758 874 838 pellitur
903 777 935 820 a
966 758 1189 839 populo
1219 757 1408 819 victus
1439 758 1616 833 Cato;
1646 757 1870 819 tristior
1899 756 1995 818 ille
2027 766 2134 831 est,

633 844 736 922 qui
767 843 922 917 vicit,
953 845 1259 921 fascesque
1289 842 1475 922 pudet
1502 843 1770 922 rapuisse
1802 841 2028 904 Catoni.

632 946 889 1007 namque
917 962 1003 972 —
1031 928 1145 988 hoc
1176 926 1482 989 dedecoris
1510 927 1735 1008 populo
1764 945 2118 1005 morumque
2149 927 2321 989 ruina
2352 962 2437 972 —

631 1032 753 1074 non
786 1013 963 1073 homo
993 1013 1202 1091 pulsus
1231 1020 1375 1086 erat,
1405 1013 1507 1075 sed
1539 1013 1601 1073 in
1635 1031 1755 1073 uno
1788 1013 1935 1073 victa
1964 1020 2225 1091 potestas

631 1097 1086 1176 Romanumque
1115 1097 1315 1159 decus.
1377 1115 1560 1177 quare
1591 1105 1710 1158 tam
1740 1096 1968 1176 perdita
1999 1097 2184 1159 Roma

541 1193 601 1243 5ο
631 1182 757 1262 ipsa
788 1181 879 1244 sui
909 1199 1139 1243 merces
1169 1190 1295 1243 erat
1324 1190 1384 1243 et
1411 1183 1542 1244 sine
1571 1182 1803 1243 vindice
1834 1182 2071 1261 praeda.

629 1276 937 1346 praeterea
968 1267 1207 1346 gemino
1240 1267 1593 1347 deprensam
1624 1266 1858 1346 gurgite
1888 1265 2126 1346 plebem

629 1352 891 1414 faenoris
921 1352 1151 1414 illuvies
1182 1371 1446 1431 ususque
1478 1352 1753 1413 exederat
1781 1351 1951 1413 aeris.

630 1437 794 1498 nulla
824 1445 913 1498 est
944 1446 1103 1498 certa
1134 1436 1364 1511 domus,
1396 1437 1627 1499 nullum
1659 1436 1788 1499 sine
1819 1436 2072 1516 pignore
2100 1455 2340 1516 corpus,

630 1522 732 1584 sed
761 1522 940 1584 veluti
971 1522 1137 1584 tabes
1165 1522 1356 1583 tacitis
1386 1530 1675 1602 concepta
1704 1521 1975 1583 medullis

545 1617 603 1667 55
631 1607 790 1668 intra
819 1606 1085 1668 membra
1114 1607 1319 1669 furens
1348 1607 1510 1668 curis
1539 1605 1890 1667 latrantibus
1918 1615 2094 1668 errat.

629 1710 793 1752 arma
821 1691 1063 1771 placent
1109 1691 1355 1765 miseris,
1386 1691 1716 1770 detritaque
1746 1692 2053 1752 commoda
2084 1691 2227 1753 luxu

628 1776 975 1837 vulneribus
1003 1785 1372 1855 reparantur.
1431 1776 1610 1856 inops
1638 1776 1875 1837 audacia
1904 1784 2029 1837 tuta
2060 1785 2166 1838 est.

628 1862 743 1921 hoc
772 1878 1026 1922 mersam
1059 1879 1245 1922 caeno
1277 1861 1525 1922 Romam
1555 1878 1889 1940 somnoque
1918 1860 2209 1922 iacentem

630 1963 783 2024 quae
813 1953 1095 2025 poterant
1121 1955 1280 2007 artes
1308 1964 1452 2007 sana
1478 1945 1711 2007 ratione
1742 1963 2001 2023 movere,

544 2039 604 2090 60
632 2031 695 2092 ni
724 2032 895 2092 furor
922 2039 981 2092 et
1010 2028 1230 2092 bellum
1266 2031 1547 2109 ferroque
1578 2031 1766 2092 excita
1795 2030 1977 2092 libido
1994 2028 2025 2091 ?

712 2124 834 2177 tres
863 2114 1077 2177 tulerat
1108 2114 1370 2175 Fortuna
1401 2114 1601 2188 duces,
1633 2133 1784 2194 quos
1813 2114 2015 2176 obruit
2043 2133 2252 2177 omnes

628 2218 929 2261 armorum
961 2209 1126 2261 strue
1156 2199 1384 2261 diversa
1415 2199 1612 2262 feralis
1641 2199 1832 2281 Enyo.

630 2285 903 2348 Crassum
937 2285 1190 2348 Parthus
1219 2284 1414 2360 habet,
1447 2284 1671 2366 Libyco
1703 2285 1855 2348 iacet
1885 2303 2145 2365 aequore
2175 2285 2443 2369 Magnus,

627 2370 812 2433 Iulius
841 2372 1133 2451 ingratam
1164 2371 1425 2450 perfudit
1455 2371 1749 2450 sanguine
1782 2371 2049 2444 Romam,

542 2465 600 2515 65
630 2465 691 2517 et
720 2458 885 2535 quasi
917 2475 1038 2517 non
1072 2466 1275 2535 posset
1304 2464 1393 2517 tot
1423 2456 1594 2518 tellus
1628 2457 1783 2517 ferre
1814 2455 2105 2536 sepulcra,

631 2539 826 2602 divisit
855 2540 1107 2601 cinereS.
1167 2541 1278 2602 hos
1306 2542 1494 2619 gloria
1525 2540 1716 2602 reddit
1745 2541 2026 2602 honores.

714 2633 806 2696 est
833 2625 1001 2687 locus
1030 2625 1226 2686 exciso
1258 2626 1498 2706 penitus
1529 2626 1833 2688 demersus
1860 2625 2027 2686 hiatu

629 2709 1052 2789 Parthenopen
1084 2711 1242 2771 inter
1271 2728 1638 2790 magnaeque
1669 2709 2049 2772 Dicarchidos
2077 2728 2232 2784 arva,

630 2793 832 2874 Cocyti
861 2795 1138 2874 perfusus
1165 2812 1350 2874 aqua;
1383 2813 1520 2856 nam
1552 2794 1814 2875 spiritua,
1846 2803 2008 2856 extra

543 2889 602 2938 το
632 2879 734 2958 qui
765 2880 911 2940 furit
942 2880 1182 2953 effusus,
1213 2880 1452 2941 funesto
1483 2881 1783 2960 spargitur
1812 2888 1998 2941 aestu.

633 2982 757 3024 non
790 2964 940 3025 haec
970 2972 1260 3025 autumno
1291 2965 1469 3027 tellus
1497 2966 1649 3026 viret
1677 2973 1778 3027 aut
1807 2964 1910 3026 alit
1939 2963 2155 3026 herbas

629 3049 887 3128 caespite
917 3048 1108 3109 laetus
1137 3066 1294 3128 ager,
1327 3069 1451 3111 non
1481 3068 1665 3111 verno
1698 3067 1955 3128 persona
1985 3059 2163 3111 cantu

626 3133 825 3194 mollia
855 3132 1108 3194 discordi
1141 3134 1391 3213 strepitu
1426 3135 1675 3213 virgulta
1705 3134 2013 3207 locuntur,

626 3218 731 3279 sed
759 3219 939 3280 chaos
970 3227 1031 3279 et
1063 3219 1234 3298 nigro
1264 3219 1594 3298 squalentia
1624 3219 1860 3299 pumice
1890 3238 2025 3280 saxa

538 3314 599 3365 75
627 3303 891 3382 gaudent
921 3303 1085 3365 ferali
1117 3304 1344 3365 circum
1374 3305 1659 3365 tumulata
1690 3321 1997 3383 cupressu.

636 3389 742 3450 has
771 3388 931 3449 inter
959 3388 1128 3449 sedes
1160 3388 1309 3450 Ditis
1339 3398 1511 3468 pater
1539 3389 1748 3450 extulit
1777 3407 1879 3450 ora

628 3472 941 3535 bustorum
971 3473 1220 3534 flammis
1250 3481 1309 3534 et
1338 3492 1486 3535 cana
1515 3492 1718 3553 sparsa
1750 3473 1957 3546 favilla,

633 3575 702 3617 ac
732 3558 831 3618 tali
864 3558 1166 3620 volucrem
1198 3557 1526 3620 Fortunam
1558 3577 1700 3620 voce
1730 3558 1993 3620 lacessit:

635 3644 877 3702 “rerum
906 3642 1299 3704 humanarum
1325 3643 1773 3723 divinarumque
1804 3651 2082 3723 potestas,

542 3735 601 3787 80
629 3724 797 3799 ForS‚
829 3727 924 3787 cui
958 3728 1117 3788 nulla
1149 3729 1342 3807 placet
1373 3728 1623 3789 nimium
1653 3746 1859 3789 secura
1891 3735 2170 3807 potestaS‚

635 3828 790 3889 quae
821 3829 971 3872 nova
1001 3831 1238 3891 semper
1266 3831 1426 3875 amas
1455 3823 1514 3874 et
1545 3831 1680 3874 mox
1711 3831 1979 3893 possessa
2007 3810 2314 3891 relinquiS‚

640 4015 703 4064 47
724 4011 932 4064 delebat
947 4011 1395 4079 Brouckhusimfl
1424 4016 1486 4067 51
1516 4014 1717 4079 gurgite
1740 4012 1980 4080 praedam
2007 4013 2117 4081 1160
2141 4013 2313 4065 excisa
2335 4012 2359 4079 ΙΙ
2383 4014 2452 4065 65
2471 4009 2623 4065 tellus

450 4081 545 4131 *tot
580 4078 871 4131 Bet-nemis
895 4080 916 4147 ΙΙ
939 4082 1004 4133 69
1042 4079 1255 4148 Cocytia
1277 4080 1297 4148 ΙΙ
1327 4085 1353 4134 7
1361 4084 1390 4134 0
1428 4082 1549 4134 iurit
1582 4082 1895 4133 Emensis.-
1932 4098 2004 4132 an
2038 4080 2295 4153 sulpuris?

2632 501 2719 553 Lo
