2881 4580
1211 319 1492 372 SATIRAE
2347 320 2428 381 59

192 506 234 557 L
259 494 416 556 inter
447 494 749 556 anhelitus
793 494 1160 571 sudoresque
1204 492 1409 564 tritus,
1457 494 1614 571 quod
1646 494 1940 572 voluerat,
1989 499 2247 578 accepit,
2296 515 2431 559 rur-

258 599 485 658 susque
515 580 577 641 in
612 597 891 641 somnum
925 578 1113 640 decidi
1145 577 1358 658 gaudio
1392 578 1596 640 lassus.
1660 580 2009 661 interposita
2055 583 2253 646 minus
2283 584 2426 645 hora

259 683 535 745 pungere
566 683 660 726 me
692 682 873 726 manu
901 664 1098 744 coepit
1142 673 1200 725 et
1229 663 1458 724 dicere:
1511 667 1733 742 “quare
1780 685 1901 727 non
1945 667 2274 730 facimus‘P’
2301 677 2426 731 tum

261 768 371 829 ego
416 750 644 811 totiens
673 750 960 811 excitatus
1004 749 1181 828 plane
1210 749 1593 810 vehementer
1638 752 1927 812 excandui
1973 760 2032 813 et
2076 754 2300 815 reddidi
2346 755 2426 815 illi

189 850 217 900 5
261 853 438 898 voces
468 854 636 897 suas:
675 838 816 896 “aut
845 835 1058 909 dormi,
1090 843 1191 896 aut
1219 852 1330 913 ego
1362 834 1475 894 iam
1508 836 1661 913 patri
1692 836 1919 898 dicam’'

1326 938 1359 976 *

430 1012 668 1067 erectus
697 1005 791 1066 his
819 1005 1197 1066 sermonibus
1228 1004 1542 1066 consulere
1574 1004 2025 1083 prudentiorem
2056 1008 2227 1088 coepi
2447 1021 2526 1085 88

256 1099 480 1152 aetates
511 1090 846 1151 tabularum
880 1098 940 1151 et
971 1090 1256 1169 quaedam
1289 1100 1638 1168 argumenta
1669 1090 1811 1150 mihi
1843 1089 2099 1153 obscura
2130 1093 2425 1172 simulque

255 1193 494 1237 causam
540 1176 794 1238 desidiae
836 1176 1168 1255 praesentis
1213 1184 1519 1246 excutere,
1582 1193 1715 1236 cum
1771 1176 2208 1254 pulcherrimae
2269 1189 2428 1241 artes

257 1261 587 1341 perissent,
631 1261 792 1322 inter
822 1279 969 1339 quas
999 1261 1229 1341 pictura
1261 1279 1338 1320 ne
1369 1260 1679 1321 minimum
1713 1260 1949 1338 quidem
1995 1263 2086 1323 sui
2116 1264 2423 1344 vestigium

160 1356 214 1408 10
255 1345 613 1424 reliquisset.
684 1356 811 1407 tum
871 1346 969 1407 ille
1028 1344 1355 1425 ‘pecuniae’
1399 1345 1598 1424 inquit
1640 1345 1952 1424 ‘cupiditas
1997 1346 2143 1408 haec
2199 1350 2425 1429 tropica

158 1431 532 1497 Loinstituit.
599 1427 861 1515 {priscis
916 1431 1079 1492 enim
1136 1430 1532 1509 temporibus,
1593 1448 1726 1490 cum
1786 1430 1976 1491 adhuc
2033 1433 2191 1493 nuda
2241 1434 2428 1496 virtus

256 1517 548 1596 placeret,
592 1516 870 1595 vigebant
912 1524 1069 1578 artes
1126 1517 1422 1595 ingenuae
1466 1533 1882 1593 summumque
1928 1526 2226 1580 certamen
2273 1519 2429 1580 inter

256 1601 535 1663 homines
578 1611 733 1678 erat,
780 1621 857 1662 ne
904 1601 1044 1681 quid
1087 1602 1471 1681 profuturum
1517 1601 1764 1662 saeculis
1808 1600 1908 1662 diu
1939 1601 2167 1664 lateret.
2227 1604 2427 1683 itaque

255 1687 577 1748 herbarum
626 1687 892 1748 omnium
940 1706 1117 1749 sucos
1148 1687 1526 1748 Democritus
1572 1687 1892 1765 expressit,
1939 1696 1999 1748 et
2044 1707 2121 1749 ne
2166 1688 2424 1769 lapidum

158 1781 211 1833 15
251 1772 767 1852 virgultorumque
781 1773 866 1835 vis
890 1773 1117 1845 lateret,
1140 1780 1389 1850 aetatem
1413 1772 1573 1833 inter
1609 1772 2011 1852 experimenta
2036 1775 2426 1855 consumpsit.

253 1856 539 1918 Eudoxos
569 1857 852 1936 [quidem]
886 1858 947 1918 in
980 1857 1287 1918 cacumine
1318 1857 1697 1919 excelsissimi
1740 1858 1964 1920 montis
1993 1861 2329 1935 consenuit,
2363 1870 2426 1922 ut

253 1950 552 2003 astrorum
598 1943 863 2022 caelique
907 1951 1104 2004 motus
1147 1942 1652 2021 deprehenderet,
1699 1950 1759 2004 et
1803 1943 2197 2025 Chrysippus,
2243 1954 2311 2007 ut
2354 1948 2425 2008 ad

251 2027 660 2089 inventionem
692 2029 1024 2101 sufficeret,
1068 2036 1160 2088 ter
1189 2027 1453 2089 elleboro
1485 2028 1746 2089 animum
1790 2029 2051 2090 detersit.
2108 2049 2312 2092 verum
2359 2040 2427 2092 ut

252 2113 324 2173 ad
354 2112 572 2192 plastas
604 2122 945 2186 convertar,
988 2112 1313 2193 Lysippum
1353 2122 1581 2174 statuae
1611 2113 1791 2175 unius
1820 2113 2196 2176 lineamentis
2219 2116 2425 2177 inhae-

153 2208 208 2260 20
248 2207 481 2259 rentem
515 2198 716 2279 inopia
763 2198 1040 2272 extinxit,
1087 2207 1147 2259 et
1175 2199 1416 2279 Myron,
1466 2198 1567 2278 qui
1613 2216 1802 2279 paene
1847 2199 2072 2261 animas
2114 2200 2422 2261 hominum

250 2285 634 2363 ferarumque
662 2302 800 2346 aere
832 2283 1396 2364 comprehenderat,
1445 2303 1568 2344 non
1601 2283 1826 2344 invenit
1857 2283 2156 2345 heredem.
2220 2293 2282 2346 at
2312 2305 2423 2348 nos

249 2370 390 2430 vino
422 2370 755 2448 scortisque
799 2370 1053 2431 demersi
1100 2388 1176 2430 ne
1222 2379 1457 2449 paratas
1502 2368 1740 2447 quidem
1788 2377 1945 2430 artes
1987 2370 2273 2432 audemus
2319 2390 2422 2432 co-

250 2473 578 2533 gnoscere,
624 2456 727 2517 sed
775 2464 1150 2518 accusatores
1194 2454 1563 2533 antiquitatis
1605 2453 1740 2514 vitia
1785 2462 2017 2514 tantum
2049 2455 2331 2518 docemus
2362 2467 2424 2519 et

250 2540 552 2602 discimus.
621 2540 726 2601 ubi
782 2549 871 2602 est
914 2538 1263 2601 dialectica?
1322 2539 1423 2600 ubi
1469 2536 1877 2600 astronomia?
1950 2539 2053 2601 ubi
2098 2541 2422 2620 sapientiae

150 2634 204 2686 25
246 2625 572 2687 cultissima
616 2624 750 2686 via?
797 2626 930 2705 quis
972 2644 1236 2705 unquam
1283 2625 1444 2686 venit
1486 2625 1545 2685 in
1580 2625 1869 2704 templum
1914 2633 1973 2686 et
2014 2633 2216 2687 votum
2263 2627 2420 2700 fecit,

246 2711 297 2772 si
329 2711 400 2772 ad
435 2710 835 2789 eloquentiam
879 2708 1290 2792 pervenisset?
1336 2710 1501 2789 quis,
1549 2710 1597 2772 si
1630 2710 2039 2790 philosophiae
2070 2713 2299 2773 fontem
2331 2721 2418 2773 at-

246 2793 524 2875 tigisset?
566 2815 635 2857 ac
680 2816 759 2858 ne
803 2795 1023 2857 bonam
1071 2796 1306 2875 quidem
1350 2804 1611 2857 mentem
1659 2804 1761 2856 aut
1790 2795 2012 2857 bonam
2039 2796 2422 2859 valitudinem

247 2889 497 2961 petunt,
542 2882 643 2943 sed
689 2882 884 2943 statim
932 2890 1249 2960 antequam
1293 2881 1475 2942 limen
1509 2881 1779 2960 Capitolii
1822 2891 2086 2960 tangant,
2134 2882 2283 2944 alius
2313 2882 2420 2945 do-

250 2985 398 3027 num
428 2967 744 3045 promittit,
775 2967 823 3028 si
855 2967 1260 3046 propinquum
1294 2966 1531 3027 divitem
1566 2966 1858 3041 extulerit,
1889 2968 2058 3042 aliuS‚
2103 2968 2151 3030 si
2181 2969 2420 3030 thesau-

146 3060 205 3111 80
243 3070 380 3114 rum
415 3051 703 3126 effoderit,
737 3052 906 3126 aliuS‚
939 3053 984 3114 si
1018 3050 1091 3112 ad
1122 3051 1444 3113 trecenties
1468 3052 1807 3113 sestertium
1836 3053 2028 3115 salvus
2058 3054 2417 3132 pervenerit.

247 3137 376 3217 ipse
422 3145 689 3211 senatus,
734 3137 879 3197 recti
925 3136 1191 3214 bonique
1220 3146 1601 3217 praeceptor,
1647 3136 1807 3197 mille
1854 3137 2055 3217 pondo
2086 3138 2216 3198 auri
2247 3138 2418 3218 Capi·

246 3222 393 3283 tolio
440 3222 790 3301 promittere
834 3222 1014 3297 solet,
1062 3229 1121 3282 et
1166 3241 1242 3283 ne
1286 3222 1421 3301 quis
1468 3221 1696 3283 dubitet
1739 3223 2053 3302 pecuniam
2100 3224 2418 3302 concupis·

248 3325 419 3380 cere,
465 3306 661 3368 Iovem
708 3325 950 3385 quoque
991 3307 1225 3387 peculio
1270 3316 1537 3368 exornat.
1599 3307 1721 3368 noli
1756 3326 1897 3386 ergo
1929 3307 2149 3381 mirari,
2194 3307 2243 3368 si
2289 3308 2415 3387 pic-

248 3401 385 3453 tura
415 3391 649 3468 defecit,
681 3410 816 3452 cum
850 3392 1129 3453 omnibus
1157 3393 1266 3454 diis
1299 3392 1761 3471 hominibusque
1791 3392 2110 3453 formosior
2151 3390 2420 3457 videatur

146 3483 202 3534 35
244 3495 437 3539 massa
482 3476 641 3551 auri,
700 3495 875 3555 quam
922 3478 1202 3557 quicquid
1262 3478 1500 3558 Apelles
1547 3477 1926 3555 Phidiasque,
1985 3476 2257 3537 Graeculi
2316 3478 2418 3539 de-

247 3562 526 3637 lirantes,
573 3563 865 3623 fecerunt.
954 3564 1056 3624 sed
1103 3563 1374 3625 video‘te
1419 3572 1610 3624 totum
1658 3563 1717 3623 in
1765 3562 1862 3621 illa
1907 3563 2151 3622 haerere
2196 3562 2411 3638 tabula,
2437 3559 2516 3622 89

245 3666 396 3727 quae
443 3647 659 3709 Troiae
714 3647 942 3710 halosin
1005 3648 1282 3710 ostendit.
1371 3649 1571 3727 itaque
1630 3646 1898 3709 conabor
1953 3665 2105 3726 opus
2149 3649 2417 3711 versibus

244 3733 541 3811 pandere:

418 3884 483 3936 13
521 3882 698 3949 itaque
732 3882 940 3934 hercula
976 3882 1244 3934 herbarum
1287 3882 1329 3931 0
1350 3881 1371 3948 ΙΙ
1403 3882 1466 3933 16
1502 3880 1710 3949 quidem
1749 3897 1847 3934 om.
1881 3883 2172 3949 florilege‘a,
2209 3899 2418 3951 quoque

241 3955 392 4003 vetus
426 3951 742 4002 emendator
781 3949 800 4016 n
851 3954 912 4004 19
950 3954 1174 4003 revertar
1213 3949 1254 4001 0
1307 3948 1316 4016 Ι
1359 3952 1421 4003 21
1462 3949 1847 4015 comprehendit
1885 3951 1927 4000 0
1966 3950 1985 4017 ΙΙ
2031 3954 2095 4004 25
2145 3952 2419 4005 consultis·

245 4021 370 4072 sima
408 4020 542 4071 libri
572 4023 794 4084 praeter
828 4020 1136 4070 Par-isinum
1170 4018 1274 4072 684
1344 4017 1396 4067 D
1444 4019 1454 4086 Ι
1501 4017 1709 4084 inquam
1739 4019 1987 4085 plerique
2022 4019 2178 4085 libri,
2226 4018 2417 4072 dudum

242 4089 518 4154 florilegio
543 4086 564 4155 ΙΙ
592 4087 656 4139 33
694 4091 872 4139 exorat
