2881 4580
439 269 562 332 220
1341 271 1673 325 VARRONIS

844 433 1053 522 helops
1083 462 1280 522 neque
1313 453 1507 505 ostrea
1538 444 1633 504 illa
1666 417 1876 524 magna
1908 446 2120 507 Baiana

845 529 1031 609 quivit
1059 529 1318 608 palatum
1349 530 1635 618 suscitare

301 761 389 810 550
646 768 712 810 ac
743 759 805 810 tu
839 750 1076 829 quidem
1106 760 1173 811 ut
1202 759 1396 812 taceas
1425 770 1675 824 censeo,
1712 750 1997 830 quoniam
2027 760 2095 819 tu
2127 768 2364 829 quoque
2394 750 2593 812 adhuc

433 835 914 897 adulescentiaris

1344 923 1347 924 ⁷
1412 920 1494 981 111
1520 922 1608 997 (3)
1813 983 1816 984 γ

300 1014 386 1065 551
641 1005 893 1085 legendo
924 1014 1117 1066 autem
1152 1015 1211 1066 et
1240 1006 1554 1067 scribendo
1583 1006 1757 1066 vitam
1790 1005 2102 1085 procudito

1013 1191 1176 1244 ΤΟΥ
1210 1191 1529 1244 ΠΑΤΡΟΣ
1567 1191 1675 1244 ΤΟ
1711 1191 2017 1244 ΠΑῙΔῙΟΝ

1191 1294 1348 1360 περὶ
1383 1287 1836 1343 παιδοποιίας

1439 1396 1464 1454 1
1494 1396 1582 1472 (1)

297 1490 386 1539 552
835 1498 903 1540 ac
933 1479 1152 1542 liberos
1181 1484 1396 1559 parare
1430 1481 1527 1540 cui
1561 1485 1802 1542 necesse
1833 1481 1925 1554 sit,

839 1583 960 1626 non
993 1575 1081 1626 est
1109 1584 1364 1640 merum,
1401 1584 1512 1626 nec
1542 1574 1606 1626 tu
1638 1566 1849 1646 edepol
1878 1566 2019 1645 quid
2050 1565 2290 1627 simulas
2319 1567 2437 1627 tuis

1420 1685 1473 1743 11
1504 1686 1591 1763 (2)

297 1775 382 1826 553
638 1784 830 1827 annos
859 1768 1074 1829 multos
1105 1770 1265 1848 quod
1294 1788 1508 1848 parere
1541 1787 1607 1830 ea
1638 1788 1760 1830 non
1793 1779 2051 1848 poterat,
2083 1770 2394 1831 mulierem
2423 1772 2587 1832 foras

428 1850 665 1912 baetere
694 1852 862 1916 iussit
908 1880 917 1892 ·

1399 1938 1480 1997 111
1516 1939 1601 2017 (3)

295 2029 382 2080 554
639 2040 714 2081 an
748 2021 919 2082 etiam
952 2022 1002 2083 si
1031 2022 1320 2094 audisset,
1368 2024 1617 2085 reddere
1655 2025 1943 2103 potuisset
1973 2023 2251 2088 mulieri?
2310 2027 2586 2087 tetricam

430 2105 608 2167 ducat
635 2107 929 2186 Appulam
962 2107 1229 2169 moribus
1261 2107 1437 2170 bonis

1390 2210 1498 2269 1111
1531 2210 1618 2287 (4)

293 2303 380 2353 555
636 2313 819 2374 quare
861 2296 909 2356 si
955 2296 1206 2376 diligens
1250 2304 1340 2356 est
1382 2298 1451 2356 ad
1499 2297 1807 2369 amussim,
1855 2315 1961 2375 per
2003 2315 2098 2357 me
2141 2297 2279 2358 licet
2307 2298 2585 2362 adsumas

426 2376 857 2463 γενεθλιακόν

596 2498 600 2501 Α
1245 2482 1748 2535 ΤΡῙΚΑΡΑΝΟΣ

295 2592 383 2643 556
640 2582 942 2664 Pompeius
991 2582 1229 2644 Crassus
1278 2581 1492 2651 Caesar
1552 2594 1665 2645 tres
1709 2588 1830 2645 viri
1869 2598 2024 2645 anno
2080 2586 2242 2647 urbis
2283 2583 2424 2650 694·
2456 2585 2581 2665 τὰς

419 2671 647 2770 χρείας
679 2659 988 2752 ἀλλήλοις
1019 2659 1477 2771 συνῃράνξζον,
1518 2672 1632 2774 uagi
1659 2689 1763 2744 τις
1792 2660 2011 2733 αὐτῶν
2040 2667 2235 2756 τήνδε
2260 2667 2380 2775 τὴν
2413 2694 2581 2755 συμ-

426 2774 759 2839 φροσυνην
791 2773 1201 2856 συχγραφευς
1241 2754 1561 2838 Ουαρρων
1592 2754 1691 2818 ενὶ
1730 2753 1973 2839 βιβλίῳ
2004 2755 2388 2841 περιλαβων
2421 2755 2579 2823 ἐπέ-

423 2848 645 2924 γραψε
682 2845 1092 2923 Τρικαρανον

1059 2989 1478 3043 ΤΡιοΔιΤΗΣ
1517 2960 1931 3046 ΤΡῙΠῩΛῙΟΣ

1117 3076 1276 3141 περὶ
1311 3065 1552 3140 ἀρετῆς
1585 3069 1883 3139 κτήσεως

1427 3179 1452 3238 Ι
1486 3180 1572 3256 (5)
2087 3234 2090 3239 .

289 3272 375 3323 557
828 3265 940 3322 nec
971 3280 1256 3323 coruscus
1285 3263 1478 3324 imber
1509 3264 1624 3324 alto
1661 3263 1863 3324 nubilo
1897 3262 2112 3326 cadens
2141 3265 2363 3328 multus

837 3346 1128 3424 grandine
1159 3347 1493 3426 implicatus
1525 3349 1657 3409 albo

591 3500 690 3551 549
726 3512 907 3563 magna
947 3502 1093 3563 capta
1133 3498 1314 3564 quivit.
1386 3499 1685 3549 emendatio
1719 3499 1924 3550 scilicet
1943 3502 2152 3567 incerta
2174 3499 2194 3566 ΙΙ
2224 3504 2321 3554 550
2342 3501 2411 3554 N.
2433 3520 2487 3570 p.
2510 3507 2574 3558 71

419 3565 853 3619 adulescentioris.
898 3569 1022 3635 περὶ
1041 3583 1254 3635 mepta
1278 3581 1338 3617 ac
1363 3571 1427 3616 ut
1452 3583 1521 3618 eze
1543 3571 1736 3632 graeci
1758 3570 1908 3618 verbi
1929 3570 2299 3620 terminatione
2328 3585 2390 3622 ac
2402 3575 2580 3639 possit

421 3651 528 3685 osse
552 3639 727 3684 ortum
757 3634 766 3693 Ι
797 3640 854 3685 ut
880 3634 1032 3685 faciat
1057 3631 1081 3702 ss¹
1103 3637 1197 3687 551
1227 3633 1294 3688 Ν.
1317 3651 1371 3702 p.
1395 3638 1491 3688 156
1516 3635 1798 3701 procudere
1823 3635 2118 3701 producere.
2176 3640 2304 3705 περὶ
2336 3655 2577 3709 maenae

587 3703 687 3755 552
706 3700 774 3754 N.
788 3717 853 3767 p.
870 3703 970 3754 344
993 3717 1185 3754 merum
1213 3702 1233 3768 ΙΙ
1259 3704 1358 3756 553
1376 3702 1445 3756 Ν.
1462 3720 1516 3771 p.
1537 3707 1602 3756 77
1621 3705 1828 3756 baetere
1859 3706 1867 3769 Ι
1890 3718 2053 3760 ‚sanos
2088 3704 2296 3758 multos.
2372 3711 2578 3761 conieci

418 3783 516 3836 pos
550 3783 710 3821 annos
756 3769 777 3836 Ι
822 3772 921 3822 554
954 3769 1022 3822 Ν.
1055 3787 1108 3834 p.
1148 3773 1239 3825 181
1284 3772 1462 3824 tetrica
1511 3771 1522 3839 Ι
1567 3773 1749 3824 mulier
1784 3772 1994 3825 tetricae
2031 3772 2284 3825 horrentis
2319 3773 2477 3828 ducat
2512 3775 2576 3829 ad

419 3836 637 3904 appiam.
710 3841 763 3887 et
795 3839 1006 3890 tetricae
1041 3837 1294 3891 horrentis
1331 3841 1542 3904 quidem
1578 3857 1606 3889 e
1642 3840 1960 3905 Vergiliano
2012 3844 2108 3905 qm·
2138 3846 2384 3908 sequitur
2416 3860 2575 3899 versu

419 3906 522 3955 huc
556 3904 747 3956 intulit
781 3905 1039 3956 librarius
1074 3908 1423 3972 anticipando
1451 3907 1470 3974 ΙΙ
1497 3910 1595 3961 555
1631 3907 1699 3961 Ν.
1712 3925 1769 3975 p.
1795 3911 1826 3962 9
1852 3909 2158 3961 examussim
2188 3912 2199 3975 Ι
2229 3909 2317 3963 diu
2342 3926 2471 3977 gens
2495 3916 2575 3965 est

591 3974 687 4025 556
723 3973 776 4022 Α
805 3975 1008 4037 pianus
1042 3976 1143 4025 civ.
1181 3977 1226 4029 b.
1263 3974 1302 4026 11
1338 3978 1397 4029 9:
1435 3975 1765 4044 Tricipitinus
1803 3976 2177 4045 symphronius
2210 3983 2368 4030 notae
2414 3979 2520 4034 Tir.

592 4042 688 4091 557
782 4042 939 4089 onius
969 4057 1021 4107 p.
1059 4043 1157 4093 208
1193 4043 1387 4108 grando
