2881 4580
477 278 601 337 244
798 278 1176 332 SATlRARvm
1213 278 1506 332 ALIARVM
1541 279 2029 332 MILESIARVMVE
2063 278 2296 332 INDIClA

1494 450 1591 509 V*

646 572 954 634 Suetonius
984 575 1048 632 in
1078 575 1197 632 vita
1227 572 1463 634 Claudii
1479 569 1566 634 38
1586 572 1690 634 ubi
1719 576 2033 651 imperator
2073 582 2357 633 narratur
2384 583 2626 634 testatus

475 677 590 718 esse
632 657 1011 719 oratiunculis
1039 657 1375 738 quibusdam
1414 657 1744 719 simulatam
1772 677 1809 718 a
1837 676 1895 718 se
1937 667 2209 735 reynante
2242 657 2383 719 Gaio
2426 658 2626 719 stulti-

476 749 654 805 tiam:
700 762 811 804 nec
840 753 1033 803 tamen
1069 743 1377 822 persuasit,
1422 762 1558 804 cum
1593 744 1744 804 intra
1777 743 1951 802 breve
1991 752 2223 822 tempus
2254 743 2401 803 liber
2430 743 2627 804 editus

477 831 552 889 sit
596 828 692 889 cui
737 829 911 889 index
969 837 1095 888 erat
1136 830 1379 911 μωρῶν
1423 824 1910 903 ἐπανάστασις,
1970 838 2381 905 argumentum
2428 840 2623 889 autem

476 914 776 975 stultitiam
815 914 1111 975 neminem
1143 916 1385 991 tingere.

1490 1030 1606 1092 Vl*

647 1155 955 1216 Suetonius
985 1154 1049 1215 de
1076 1157 1466 1232 yrammatieis
1496 1150 1540 1215 9
1570 1154 1635 1213 de
1661 1152 1880 1215 Orbilio
1910 1152 2171 1233 Pupillo:
2198 1152 2411 1214 librum
2443 1155 2624 1215 etiam

478 1242 574 1303 cui
605 1251 693 1302 est
723 1239 925 1301 titulus
956 1235 1348 1322 περιαλγής,
1394 1239 1574 1300 edidit
1603 1238 2008 1299 continentem
2039 1238 2331 1317 querellas
2360 1240 2432 1299 de
2463 1240 2620 1301 iniu—

478 1328 611 1400 riis,
658 1345 804 1405 quas
847 1327 1211 1405 professores
1244 1324 1605 1403 negligentia
1638 1335 1739 1385 aut
1769 1322 2089 1384 ambitione
2121 1333 2432 1402 parentum
2467 1326 2621 1386 acci-

479 1423 709 1492 perent.
785 1410 895 1472 fuit
938 1421 1130 1471 autem
1179 1419 1421 1471 naturae
1452 1409 1697 1470 acerbae
1732 1428 1851 1470 non
1885 1409 2060 1470 modo
2093 1410 2151 1469 in
2185 1409 2619 1490 antisophistas,

479 1517 629 1577 quos
660 1497 822 1558 omni
855 1497 1165 1557 occasione
1196 1496 1485 1568 laceravit,
1516 1495 1616 1555 sed
1649 1495 1821 1555 etiam
1855 1495 1913 1555 in
1948 1494 2285 1574 discipulos

1473 1647 1573 1708 Vll
1588 1653 1621 1689 *

651 1767 958 1830 Suetonius
988 1772 1051 1829 in
1082 1772 1203 1828 vita
1232 1766 1448 1829 Tiberii
1465 1765 1578 1828 42.-
1620 1759 1877 1828 Tiberius
1901 1767 2115 1828 Asellio
2147 1766 2366 1828 Sabino
2399 1776 2618 1828 sester-

480 1855 557 1914 tia
603 1854 854 1914 ducenta
900 1854 1137 1914 donavit
1179 1872 1287 1932 pro
1333 1853 1581 1932 dialogo,
1637 1852 1695 1912 in
1743 1872 1861 1932 quo
1908 1853 2085 1914 boleti
2131 1863 2190 1913 et
2234 1853 2516 1914 ficedulae
2561 1864 2620 1914 et

481 1950 706 2000 ostreae
738 1950 795 1999 et
825 1939 980 1999 turdi
1012 1947 1310 2000 certamen
1343 1939 1670 1999 induxerat.

651 2107 693 2158 V
736 2108 901 2172 sales,
949 2108 1115 2157 iudea:
1153 2122 1409 2172 graecus,
1456 2106 1642 2174 μωροῦ
1690 2121 1881 2157 nomen
1927 2104 2160 2156 libellum
2206 2109 2450 2170 arguunt
2494 2121 2618 2156 con-

477 2176 703 2226 similem
740 2176 969 2227 Senecae
1001 2180 1222 2226 saturae
1244 2176 1264 2241 ΙΙ
1291 2174 1353 2225 vl
1395 2174 1574 2226 titulus
1612 2174 1898 2240 perialogos
1921 2173 1941 2241 ΙΙ
1971 2173 2054 2225 vll
2088 2175 2285 2225 Seneca
2321 2190 2463 2225 mas.
2485 2174 2525 2226 11
2555 2177 2615 2226 12

482 2244 705 2296 Sabinus
741 2244 932 2296 Asilius
968 2244 1357 2296 venustissimus
1394 2244 1525 2295 inter
1560 2243 1789 2295 rhetores
1826 2257 1995 2295 scurra
