2881 4580
357 1599 429 1658 15

453 312 575 372 236
1055 310 1347 364 SENECAE
1382 309 2001 364 APOCOLOCYNTOSIS

452 487 570 547 dita
601 485 956 548 condemnat
986 497 1043 547 et
1073 487 1180 547 ait:
1222 485 1367 551 αἴκε
1395 481 1624 549 πάθοι
1653 481 1736 547 τά
1767 473 1830 546 τ’
1868 480 2078 568 ἔρεξε,
2126 482 2270 570 δίκη
2302 473 2365 546 κ’
2405 480 2602 548 ἰθεῖα

450 573 729 654 γένοιτο.
784 574 995 651 ingens
1024 572 1323 633 silentium
1354 573 1571 632 factum
1604 581 1711 631 est.
1763 569 2081 649 stupebant
2103 589 2311 632 omnes
2344 571 2601 632 novitate

451 658 536 717 rei
567 656 831 729 attoniti,
883 658 1181 736 negabant
1209 658 1323 718 hoc
1352 675 1616 735 unquam
1652 657 1889 716 factum.
1965 655 2206 717 Claudio
2253 658 2436 736 magis
2480 657 2598 718 ini-

453 760 632 821 quum
685 741 989 803 videbatur
1035 762 1208 821 quam
1257 760 1495 804 novum.
1584 741 1655 802 de
1700 758 1918 819 genere
1963 760 2193 821 poenae
2236 742 2335 803 diu
2392 742 2597 822 dispu-

451 838 636 887 tatum
675 835 792 900 est,
838 827 979 906 quid
1024 829 1188 890 illum
1234 829 1355 907 pati
1401 836 1723 907 oporteret.
1812 836 1984 888 erant
2028 827 2130 905 qui
2174 827 2458 900 dicerent,
2505 828 2595 890 Si·
2645 832 2684 888 5,

450 913 701 995 syphum
742 917 883 975 satis
926 912 1024 973 diu
1055 914 1301 975 laturam
1332 915 1574 984 fecisse,
1619 912 1929 973 Tantalum
1974 913 2068 973 siti
2109 913 2440 991 periturum
2485 912 2600 975 nisi

452 998 533 1058 illi
563 1007 1043 1070 succurreretur,
1090 999 1405 1078 aliquando
1446 997 1667 1059 Ixionis
1711 998 1911 1059 miseri
1958 1009 2143 1058 rotam
2191 998 2597 1060 sufflaminan-

452 1084 603 1143 dam.
667 1102 787 1143 non
817 1083 1039 1162 placuit
1068 1085 1172 1146 ulli
1202 1103 1273 1145 ex
1303 1083 1596 1145 veteranis
1625 1083 1965 1144 missionem
1996 1082 2155 1156 dari,
2200 1102 2275 1144 ne
2305 1086 2397 1146 vel
2425 1084 2597 1145 Clau·-

450 1169 581 1230 dius
624 1187 888 1247 unquam
932 1169 1122 1231 simile
1166 1178 1451 1250 speraret.
1525 1168 1748 1248 placuit
1779 1187 1984 1229 novam
2015 1187 2269 1248 poenam
2314 1170 2593 1232 constitui

451 1253 700 1327 debere,
744 1254 1193 1334 excogitandum
1226 1255 1308 1316 illi
1338 1253 1600 1315 laborem
1636 1253 1866 1315 irritum
1898 1264 1957 1315 et
1983 1255 2232 1316 alicuius
2261 1256 2596 1336 cupiditatis
2643 1254 2700 1305 10

449 1339 705 1418 speciem
727 1339 858 1400 sine
881 1340 1113 1401 effectu.
1166 1352 1293 1402 tum
1318 1342 1545 1401 Aeacus
1574 1338 1739 1400 iubet
1768 1338 1931 1400 illum
1962 1339 2085 1400 alea
2119 1340 2321 1401 ludere
2353 1351 2597 1422 pertuso

450 1423 669 1485 fritillo.
730 1433 789 1484 et
818 1425 934 1485 iam
968 1436 1247 1507 coeperat
1290 1426 1587 1505 fugientes
1630 1442 1866 1503 semper
1908 1435 2162 1488 tesseras
2204 1444 2491 1506 quaerere
2538 1437 2597 1488 et

452 1508 596 1570 nihil
625 1511 950 1589 proficere:

757 1613 892 1656 nam
924 1597 1202 1675 quotiens
1231 1597 1520 1658 missurus
1550 1606 1679 1656 erat
1706 1605 2024 1657 resonante
2054 1595 2276 1670 fritillo,

754 1689 1004 1759 utraque
1033 1680 1325 1743 subducto
1356 1680 1620 1761 fugiebat
1648 1691 1867 1743 tessera
1900 1681 2104 1742 fundo.
2640 1680 2706 1732 15

756 1783 1010 1844 cumque
1042 1768 1392 1829 recollectos
1420 1767 1665 1829 auderet
1694 1766 1927 1827 mittere
1960 1766 2125 1842 talos,

755 1850 958 1911 fusuro
990 1852 1194 1913 similis
1222 1871 1458 1932 semper
1488 1870 1844 1931 semperque
1872 1853 2120 1932 petenti,

756 1935 1043 2015 decepere
1074 1938 1275 1998 fidem:
1308 1938 1527 2016 refugit
1556 1937 1888 2017 digitosque
1919 1955 2028 2017 per
2057 1939 2218 2015 ipsos

755 2021 924 2082 fallax
954 2023 1197 2084 adsiduo
1228 2022 1507 2084 dilabitur
1536 2024 1658 2084 al'ea
1691 2025 1869 2083 furto.

754 2106 840 2168 sic
870 2124 1004 2192 cum
1037 2109 1151 2169 iam
1181 2109 1396 2170 summi
1428 2119 1757 2188 tanguntur
1786 2108 2043 2168 culmina
2075 2107 2314 2181 montis,
2638 2108 2702 2175 Ἄ)

752 2192 914 2252 irrita
948 2193 1220 2275 Sisyphio
1248 2194 1566 2255 volvuntur
1594 2193 1861 2273 pondera
1892 2193 2067 2255 collo.

446 2276 719 2356 apparuit
748 2276 943 2339 subito
976 2278 1038 2341 (2.
1072 2279 1285 2342 Caesar
1314 2290 1375 2341 et
1416 2289 1621 2360 petere
1666 2279 1830 2341 illum
1876 2279 1937 2340 in
1983 2279 2322 2341 servitutem
2365 2275 2586 2358 coepit;

447 2363 722 2442 producit
748 2373 946 2437 testeS,
983 2365 1084 2445 qui
1119 2361 1331 2449 [illum]
1364 2366 1635 2426 viderant
1663 2364 1737 2426 ab
1768 2366 1868 2427 illo
1901 2365 2130 2444 flagris,
2161 2362 2397 2433 ferulis,
2429 2362 2596 2423 cola-

445 2447 577 2526 phis
620 2449 1014 2527 vapulantem.
1103 2451 1473 2512 adiudicatur
1516 2450 1578 2511 C.
1624 2450 1886 2525 Caesari;
1932 2450 2146 2511 Caesar
2191 2448 2353 2509 illum
2399 2449 2593 2508 Aeaco

443 2533 641 2592 donat.
706 2535 754 2594 is
779 2533 1105 2597 Menandro
1142 2535 1354 2598 liberto
1379 2554 1487 2597 suo
1513 2537 1766 2610 tradidit,
1792 2546 1859 2596 ut
1885 2554 1917 2595 a
1948 2532 2391 2615 cognitionibus
2421 2544 2591 2594 esset.
2637 2530 2697 2580 25

618 2705 639 2755 1
679 2697 731 2753 τ’
772 2703 916 2754 deest
944 2702 953 2771 1
985 2698 1102 2767 λικη
1139 2702 1303 2756 ουθια
1329 2705 1348 2771 ΙΙ
1376 2709 1403 2757 5
1442 2705 1572 2756 sium
1610 2704 1695 2756 diu
1739 2705 1954 2756 laturam
2003 2703 2241 2755 fecissent
2267 2702 2287 2769 ΙΙ
2316 2705 2374 2755 17
2412 2701 2591 2753 lusuro
