2881 4580
282 966 406 1029 114

453 279 532 338 80
1361 278 1667 332 ΡΕΤΒΟΝΙΙ

1500 472 1533 510 *

621 556 715 598 me
749 538 892 598 nihil
916 539 1099 618 magis
1121 537 1445 618 pungebat,
1469 555 1645 616 quam
1671 556 1746 599 ne
1761 536 2090 617 Eumolpus
2111 537 2412 613 sensisset,
2437 539 2613 616 quic·
2637 549 2690 600 L

453 624 591 702 quid
623 623 764 684 illud
798 624 1004 697 fuerat,
1037 631 1096 683 et
1125 624 1300 685 homo
1332 622 1735 684 dicacissimus
1765 622 2125 684 carminibus
2153 623 2481 684 vindicaret

1521 729 1555 766 *

625 794 782 855 iurat
811 792 1140 874 Eumolpus
1167 792 1361 854 verbis
1391 793 1863 873 conceptissimis

1521 899 1556 938 ᾖ

620 964 760 1025 dum
792 965 936 1025 haec
979 964 1233 1043 taliaque
1278 963 1587 1038 iactamus,
1633 962 1932 1025 inhorruit
1960 981 2120 1024 mare
2151 963 2461 1042 nubesque
2492 982 2613 1024 un-

451 1048 631 1127 dique
688 1049 973 1110 adductae
1018 1049 1273 1110 obruere
1316 1047 1583 1110 tenebris
1628 1049 1799 1109 diem.
1888 1048 2233 1110 discurrunt
2278 1057 2491 1110 nautae
2535 1050 2615 1111 ad

457 1135 647 1194 officia
678 1135 1044 1215 trepidantes
1074 1133 1317 1212 velaque
1348 1135 1683 1214 tempestati
1713 1133 2071 1195 subducunt.
2132 1134 2235 1196 sed
2267 1153 2380 1196 nec
2411 1146 2613 1196 certos

455 1219 671 1281 fluctus
699 1229 910 1281 ventus
940 1220 1271 1300 impulerat,
1304 1239 1417 1281 nec
1447 1239 1566 1299 quo
1598 1219 1919 1281 destinaret
1949 1238 2208 1293 cursum,
2242 1218 2614 1297 gubernator

455 1304 696 1366 sciebat.
758 1305 1014 1367 Siciliam
1046 1307 1221 1367 modo
1247 1314 1462 1366 ventus
1492 1304 1683 1379 dabat,
1714 1304 2051 1383 saepissime
2084 1302 2166 1450 [lin
2201 1300 2392 1388 oram]
2425 1304 2613 1366 Italici

454 1391 643 1453 litoris
685 1391 882 1470 aquilo
926 1409 1234 1471 possessor
1277 1389 1664 1452 convertebat
1703 1390 1822 1450 huc
1864 1389 2006 1449 illuc
2052 1409 2086 1449 o
2135 1390 2365 1450 noxiam
2397 1399 2610 1465 ratem,

457 1484 517 1536 et
547 1478 702 1555 quod
736 1477 1013 1538 omnibus
1043 1475 1320 1556 procellis
1348 1476 1740 1556 periculosius
1771 1484 1914 1548 erat,
1945 1482 2066 1535 tam
2096 1475 2317 1555 spissae
2363 1484 2614 1555 repente

457 1562 738 1623 tenebrae
784 1562 975 1623 lucem
1006 1569 1494 1641 suppresserant,
1539 1570 1607 1622 ut
1637 1580 1713 1621 ne
1743 1578 1981 1641 proram
2012 1561 2248 1639 quidem
2281 1569 2464 1621 totam
2496 1579 2609 1639 gu-

459 1648 740 1708 bernator
768 1648 1009 1708 videret.
1069 1648 1268 1726 itaque
1313 1647 1585 1709 hercules
1627 1655 1941 1725 postquam
1984 1646 2291 1707 manifesta
2325 1665 2358 1703 ια
2392 1664 2613 1707 conva-

459 1731 599 1804 luit,
631 1732 841 1794 Lichas
883 1733 1189 1812 trepidans
1234 1732 1304 1792 ad
1351 1749 1449 1791 me
1493 1732 1738 1811 supinas
1768 1731 2019 1811 porrigit
2047 1749 2259 1792 manus
2288 1739 2348 1791 et
2378 1731 2481 1791 ‘tu'
2513 1732 2611 1791 in-

459 1817 589 1894 quit
632 1817 923 1897 ‘Encolpi,
954 1835 1237 1879 succurre
1280 1817 1754 1896 periclitantibus
1796 1826 1858 1877 et
1899 1825 2120 1878 vestem
2166 1816 2322 1877 illam
2352 1815 2615 1876 divinam

460 1902 822 1981 sistrumque
853 1902 1034 1964 redde
1064 1903 1313 1982 navigio.
1374 1920 1485 1982 per
1515 1904 1723 1972 fidem,
1755 1902 2069 1975 miserere,
2117 1901 2617 1981 quemadmodum

459 1987 698 2064 quidem
732 1987 923 2049 soles'.

628 2082 688 2133 et
730 2073 893 2134 illum
940 2073 1177 2151 quidem
1206 2073 1627 2133 vociferantem
1658 2072 1719 2133 in
1751 2090 1914 2133 mare
1944 2080 2155 2133 ventus
2185 2072 2468 2147 excussit,
2516 2090 2618 2133 re-

458 2157 831 2237 petitumque
888 2159 1104 2219 insesto
1162 2158 1393 2236 gurgite
1452 2157 1710 2237 procella
1767 2157 2114 2237 circumegit
2169 2167 2345 2236 atque
2400 2158 2614 2218 hausit.

458 2243 867 2324 Tryphaenam
913 2253 1110 2307 autem
1155 2262 1344 2325 prope
1388 2243 1501 2305 iam
1716 2242 2034 2305 fidelissimi
2081 2250 2410 2323 rapuerunt
2438 2243 2613 2316 servi,

457 2332 829 2410 scaphaeque
874 2331 1205 2410 impositam
1252 2349 1386 2391 cum
1433 2330 1683 2390 maxima
1727 2330 2087 2391 sarcinarum
2119 2337 2286 2408 parte
2316 2329 2617 2390 abduxere

457 2416 817 2478 certissimae
844 2416 1025 2478 morti

459 2586 772 2666 applicitus
817 2604 949 2646 cum
997 2585 1252 2646 clamore
1295 2585 1426 2645 flevi
1473 2595 1532 2645 et
1564 2583 1714 2645 ‘hoc'
1745 2584 1988 2661 inquam
2035 2588 2088 2644 ‘a
2119 2584 2228 2644 diis
2272 2584 2618 2659 meruimuS‚

462 2682 527 2731 ut
559 2691 670 2732 nos
699 2673 821 2733 sola
867 2678 1060 2731 morte
1092 2667 1573 2748 coniungerent?
1618 2670 1719 2731 sed
1753 2688 1876 2730 non
1910 2668 2165 2730 crudelis
2194 2670 2434 2731 fortuna
2464 2688 2618 2731 con-

463 2757 635 2816 cedit.
698 2775 836 2817 ecce
866 2756 981 2816 iam
1015 2764 1199 2816 ratem
1229 2755 1444 2816 fluctus
1475 2764 1725 2827 evertet,
1758 2773 1897 2815 ecce
1931 2754 2044 2815 iam
2076 2753 2378 2834 amplexus
2408 2772 2620 2815 aman-

463 2841 612 2901 tium
640 2842 853 2901 iratum
886 2840 1102 2902 dividet
1132 2858 1310 2901 mare.
1368 2840 1580 2919 igitur,
1624 2840 1674 2901 si
1701 2858 1839 2900 vere
1869 2839 2202 2919 Encolpion
2236 2840 2507 2913 dilexisti,
2540 2839 2616 2901 da

466 2925 697 2999 oscula,
744 2926 882 2986 dum
915 2926 1082 3000 licet,
1128 2936 1183 2988 et
1224 2926 1496 2987 ultimum
1526 2926 1640 2986 hoc
1669 2925 1946 3003 gaudium
1988 2924 2123 2986 fatis
2153 2924 2621 3006 properantibus

464 3009 643 3090 rape’.
688 3010 833 3072 haec
863 3020 928 3072 ut
958 3030 1067 3091 ego
1097 3011 1243 3085 dixi,
1289 3011 1468 3072 Giton
1512 3019 1734 3072 vestem
1779 3010 2082 3090 deposuit,
2127 3028 2373 3089 meaque
2415 3010 2622 3071 tunica

465 3104 773 3157 contectus
817 3098 1045 3157 exeruit
1071 3098 1142 3157 ad
1187 3096 1455 3158 osculum
1486 3105 1683 3175 caput.
1743 3105 1803 3157 et
1846 3115 1923 3157 ne
1953 3096 2039 3156 sic
2068 3096 2455 3157 cohaerentes
2486 3114 2622 3156 ma-

462 3181 680 3261 lignior
723 3181 938 3244 fluctus
980 3182 1361 3255 distraheret,
1395 3190 1715 3260 utrumque
1746 3199 1894 3241 zona
1926 3181 2412 3242 circumvenienti
2440 3200 2620 3261 prae-

465 3267 649 3328 cinxit
694 3275 753 3328 et
797 3268 865 3328 ‘si
911 3267 1055 3328 nihil
1101 3268 1285 3340 aliud,
1334 3277 1494 3327 certe
1538 3265 1775 3327 diutius'
1806 3266 1999 3346 inquit
2030 3266 2284 3327 ‘iunctos
2315 3286 2425 3328 nos
2454 3285 2622 3328 mare

466 3354 634 3427 feret,
671 3353 762 3413 vel
798 3352 847 3413 si
869 3353 1121 3414 voluerit
1148 3352 1486 3413 misericors
1517 3353 1585 3412 ad
1619 3353 1775 3412 idem
1799 3351 1934 3412 litus
1965 3351 2280 3430 expellere,
2312 3362 2414 3413 aut
2440 3370 2620 3431 prae-

464 3438 687 3499 teriens
718 3438 928 3516 aliquis
958 3437 1240 3498 tralaticia
1271 3437 1634 3498 humanitate
1663 3435 1974 3518 lapidabit,
2019 3446 2122 3497 aut
2151 3437 2308 3515 quod
2339 3437 2619 3498 ultimum

464 3530 555 3583 est
583 3523 745 3584 iratis
773 3523 948 3584 etiam
990 3523 1295 3598 fluctibuS‚
1340 3521 1688 3601 imprudens
1732 3523 1950 3583 harena
1994 3522 2351 3602 componet'.
2422 3522 2624 3602 patior

638 3709 662 3757 1
704 3705 930 3771 pudebat
954 3706 973 3774 ΙΙ
999 3710 1031 3760 6
1067 3711 1234 3759 certus
1269 3707 1704 3772 langen-mannus
1740 3706 1760 3773 fl
1809 3708 1838 3759 8
1878 3706 1929 3757 in
1966 3721 2106 3758 oram
2140 3722 2252 3757 una
2288 3708 2446 3756 habet
2487 3705 2621 3757 Tor·

2661 1483 2726 1534 lo

2663 1908 2727 1959 15

2663 2337 2726 2387 20

468 3774 760 3823 naesiana:
794 3791 903 3825 non
937 3776 1187 3826 videntur
1211 3777 1342 3826 haee
1364 3779 1596 3840 integra,
1621 3777 1990 3841 temptavimus
2024 3778 2176 3826 notus
2202 3773 2371 3838 dabat,
2409 3774 2623 3841 saepius
2688 3825 2706 3845 ,

470 3840 521 3891 in
558 3856 695 3892 mare
741 3840 761 3909 ΙΙ
818 3845 850 3895 9
885 3850 1083 3910 partem
1130 3842 1149 3910 ΙΙ
1201 3845 1263 3898 12
1300 3843 1552 3906 hercules]
1609 3843 1777 3894 latere
1831 3842 2047 3910 periculi
2102 3843 2418 3894 vocabulum
2465 3847 2620 3908 puto,

470 3924 793 3975 quamquam
827 3914 1116 3963 sententiae
1149 3912 1434 3974 sufficiunt
1472 3914 1601 3962 haec
1633 3916 1910 3979 postquam
1962 3911 2114 3964 maris
2162 3912 2236 3962 ira
2272 3910 2460 3963 infesta
2497 3926 2622 3963 con-

470 3977 633 4029 valuit
658 3977 677 4045 ΙΙ
707 3981 771 4031 14
807 3982 874 4042 et]
911 3978 963 4031 id
999 3984 1080 4032 est
1117 3978 1137 4047 ΙΙ
1184 3982 1246 4032 16
1282 3979 1515 4041 fortasse
1549 3979 1756 4032 solebas
1798 3979 1819 4048 ΙΙ
1859 3983 1917 4035 17
1958 3982 2163 4032 conieci
2196 3980 2571 4047 abreptumque
2604 3979 2623 4046 ΙΙ

472 4046 535 4095 23
572 4046 663 4097 sed
699 4062 764 4098 ne
800 4047 899 4098 hoc
936 4047 1140 4113 quidem
1177 4048 1521 4099 Burmannus
1546 4048 1567 4115 ΙΙ
1593 4050 1657 4101 25
1694 4048 1758 4100 ad
1782 4048 1958 4101 oscula
1988 4048 1998 4116 Ι
2064 4050 2128 4101 30
2164 4048 2336 4100 iuncta
2358 4062 2454 4100 nos
2480 4063 2622 4100 mors
