2881 4580
284 1223 405 1285 100

303 3349 417 3409 101

446 279 526 338 68
1374 273 1678 329 PETRONII

447 453 602 533 quod
635 452 798 525 dicis,
831 469 968 512 ecce
1000 450 1174 511 etiam
1207 449 1408 510 osculo
1438 448 1584 509 iram
1615 448 1781 509 finio.
1838 448 2056 526 itaque,
2089 449 2246 526 quod
2277 447 2433 509 hene
2464 466 2601 509 eve·
2624 457 2671 508 L

447 539 603 611 niat,
650 537 918 616 expedite
963 535 1286 596 sarcinulas
1330 543 1390 596 et
1430 533 1522 594 vel
1566 533 1880 611 sequimini
1925 551 2018 594 me
2063 533 2183 607 vel,
2228 533 2277 595 si
2308 533 2602 602 mavultis,

449 622 684 684 ducite!
730 623 919 683 adhuc
950 621 1324 699 loquebatur,
1357 637 1492 681 cum
1526 618 1761 697 crepuit
1789 618 2005 679 ostium
2036 618 2374 697 impulsum,
2409 619 2604 679 stetit-

449 727 564 787 que
610 708 671 768 in
720 707 921 768 limine
965 705 1169 768 barbis
1207 704 1592 767 horrentibus
1621 713 1799 765 nauta
1830 711 1890 765 et
1918 703 2204 765 ‘moraris'
2238 703 2431 782 inquit
2461 703 2605 765 ‘Eu-

449 793 676 874 molpe,
723 802 1006 871 tanquam
1049 790 1411 872 propudium
1444 789 1721 869 ignores’.
1782 788 1935 850 haud
1969 807 2171 863 mora,
2217 806 2427 850 omnes
2458 807 2607 849 con·
2652 792 2686 840 5

448 879 778 957 surgimus,
825 885 884 939 et
912 876 1244 956 Eumolpus
1288 876 1530 954 quidem
1574 875 2051 936 mercennarium
2084 893 2256 936 suum
2302 874 2418 935 iam
2465 874 2608 935 olim

449 965 841 1025 dormientem
889 962 1048 1024 exire
1079 980 1216 1024 cum
1244 961 1492 1023 sarcinis
1522 959 1704 1042 iubet.
1765 979 1875 1040 ego
1908 977 2042 1021 cum
2077 959 2292 1020 Gitone
2322 960 2607 1039 quicquid

451 1058 605 1122 erat,
636 1049 698 1109 in
732 1048 843 1109 iter
873 1065 1170 1127 compono
1203 1055 1260 1108 et
1287 1046 1541 1107 adoratis
1570 1045 1864 1107 sideribus
1894 1045 2054 1105 intro
2087 1045 2381 1124 navigium

1516 1152 1551 1191 *

626 1218 959 1280 ‘molestum
1008 1227 1096 1279 est
1127 1217 1286 1295 quod
1316 1235 1470 1296 puer
1499 1216 1716 1296 hospiti
1747 1216 1957 1295 placet.
2021 1214 2160 1293 quid
2192 1213 2437 1276 autem?
2483 1234 2607 1275 non

454 1322 773 1365 commune
819 1312 938 1378 est,
985 1302 1146 1382 quod
1191 1311 1401 1364 natura
1447 1302 1735 1382 optimum
1781 1299 1963 1362 fecit?
2007 1300 2096 1362 sol
2126 1300 2404 1362 omnibus
2434 1301 2611 1362 lucet.

453 1389 593 1450 luna
626 1388 1160 1450 innumerabilibus
1191 1388 1467 1449 comitata
1498 1386 1789 1450 sideribus
1821 1388 1992 1448 etiam
2024 1387 2178 1446 feras
2208 1385 2370 1447 ducit
2400 1387 2469 1446 ad
2501 1404 2610 1466 pa-

454 1474 680 1535 bulum.
743 1474 885 1554 quid
915 1474 1083 1553 aquis
1113 1474 1227 1534 dici
1258 1474 1576 1535 formosius
1606 1470 1845 1553 potest?
1890 1473 1949 1533 in
1982 1471 2223 1551 publico
2254 1483 2452 1533 tamen
2486 1490 2611 1532 ma-

456 1569 620 1620 nant.
708 1559 871 1621 solus
923 1558 1065 1638 ergo
1110 1576 1277 1619 amor
1331 1560 1553 1620 furtum
1615 1558 1813 1638 potius
1857 1575 2030 1636 quam
2079 1557 2407 1636 praemium
2456 1554 2613 1618 erit?

458 1646 636 1706 immo
692 1663 831 1705 vero
879 1645 1022 1705 nolo
1083 1643 1300 1704 babere
1345 1642 1535 1717 bona,
1598 1644 1709 1705 nisi
1756 1642 1972 1720 quibus
2015 1641 2272 1722 populus
2315 1643 2611 1703 inviderit.

457 1748 647 1804 unuS,
694 1737 753 1790 et
795 1748 1008 1804 senex,
1042 1748 1164 1790 non
1199 1729 1310 1789 erit
1340 1730 1565 1808 gravis3
1612 1729 1786 1788 etiam
1819 1746 1953 1788 cum
1984 1726 2236 1788 voluerit
2265 1727 2483 1806 aliquid
2515 1746 2614 1789 su·

456 1832 651 1888 mere,
698 1833 850 1893 opus
888 1814 1149 1875 anhelitu
1185 1813 1436 1892 prodet.'
1495 1815 1637 1875 haec
1667 1823 1735 1874 ut
1763 1813 1917 1874 infra
1956 1812 2227 1873 fiduciam
2254 1813 2426 1892 posui
2451 1814 2614 1874 frau-

459 1898 706 1977 davique
766 1899 1028 1959 animum
1073 1898 1488 1973 dissidentem,
1549 1899 1719 1978 coepi
1764 1917 2038 1975 somnum
2088 1897 2303 1959 obruto
2349 1898 2616 1960 tunicula

458 1983 650 2063 capite
676 1984 934 2044 mentiri.

632 2067 736 2129 sed
781 2077 1028 2149 repente
1091 2069 1254 2148 quasi
1300 2070 1640 2131 destruente
1696 2070 1940 2131 fortuna
1985 2068 2375 2130 constantiam
2421 2086 2616 2130 meam

462 2154 750 2214 eiusmodi
779 2173 892 2216 vox
922 2173 1103 2235 super
1132 2162 1500 2216 constratum
1533 2155 1750 2235 puppis
1780 2153 2150 2233 congemuit:
2197 2159 2358 2233 ‘ergo
2389 2172 2486 2215 me
2515 2155 2618 2215 de-

461 2238 590 2301 risit
603 2236 653 2299 ‘t’
714 2248 775 2302 et
818 2240 962 2302 haec
1007 2240 1244 2321 quidem
1290 2240 1476 2302 virilis
1521 2250 1580 2301 et
1620 2258 1810 2320 paene
1853 2239 2095 2301 auribus
2139 2239 2285 2301 meis
2314 2239 2618 2301 familiaris

462 2326 725 2387 animum
786 2327 1169 2407 palpitantem
1232 2326 1545 2405 percussit.
1635 2333 1898 2387 ceterum
1956 2325 2161 2386 eadem
2204 2324 2617 2404 indignatione

463 2410 675 2472 mulier
712 2412 963 2474 lacerata
994 2412 1244 2474 ulterius
1275 2412 1590 2473 excanduit
1619 2419 1678 2471 et
1708 2411 1777 2472 ‘si
1808 2410 1940 2489 quis
1970 2412 2116 2472 deus
2145 2410 2422 2471 manibus
2451 2410 2618 2472 meis’

463 2496 660 2573 inquit
690 2496 923 2558 ‘Gitona
952 2498 1322 2576 imponeret,
1366 2515 1542 2575 quam
1572 2497 1727 2558 bene
1758 2496 1990 2557 exulem
2020 2495 2392 2576 exciperem’.
2454 2506 2617 2558 uter-

467 2599 582 2659 que
627 2591 898 2643 nostrum
955 2592 1073 2643 tam
1120 2581 1492 2660 inexpectato
1537 2582 1689 2643 ictus
1732 2600 1883 2642 sono
1931 2581 2207 2642 amiserat
2247 2581 2619 2659 sanguinem.

467 2684 576 2744 ego
622 2668 940 2746 praecipue
971 2666 1136 2745 quasi
1169 2667 1400 2727 somnio
1432 2667 1686 2746 quodam
1720 2666 2064 2727 turbulento
2097 2666 2488 2727 circumactus
2518 2667 2621 2727 diu

465 2768 670 2810 vocem
704 2751 913 2829 collegi
943 2750 1472 2829 tremebundisque
1502 2751 1777 2813 manibus
1798 2751 2072 2830 Eumolpi
2101 2750 2217 2812 iam
2247 2752 2307 2813 in
2341 2770 2619 2832 soporem

469 2834 724 2896 labentis
767 2836 1039 2896 laciniam
1084 2836 1223 2896 duxi
1267 2844 1327 2896 et
1357 2841 1486 2916 ‘per
1513 2837 1707 2897 fidem’
1738 2837 1980 2915 inquam
2012 2842 2232 2917 ‘pater,
2276 2838 2447 2899 cuius
2475 2839 2623 2899 haec

467 2918 631 2979 navis
675 2928 794 2995 est,
840 2929 942 2981 aut
984 2939 1136 2999 quos
1178 2920 1381 2995 vehat,
1425 2922 1622 2983 dicere
1667 2919 1898 3000 potes‘P
1973 2922 2332 3000 inquietatus
2362 2922 2457 2983 ille
2489 2942 2621 2984 mo-

2658 1304 2721 1356 10

2662 1735 2723 1784 15

2662 2163 2727 2214 20

467 3003 611 3064 leste
640 3004 773 3066 tulit
803 3013 862 3067 et
891 3007 1023 3067 ‘hoc
1054 3006 1197 3067 erat’
1227 3007 1424 3086 inquit
1457 3007 1634 3085 ‘quod
1666 3007 1975 3085 placuerat
2003 3006 2142 3083 tibi,
2175 3016 2240 3068 ut
2267 3026 2445 3087 supra
2478 3027 2626 3068 con·
2670 3016 2731 3067 30

468 3097 719 3151 stratum
763 3091 926 3153 navis
969 3110 1396 3172 occuparemus
1439 3091 1899 3153 secretissimum
1931 3092 2161 3167 locum,
2207 3112 2284 3153 ne
2315 3111 2427 3154 nos
2455 3101 2623 3173 pate-

467 3174 618 3236 reris
645 3174 1066 3256 requiescere?
1112 3178 1253 3256 quid
1283 3195 1465 3258 porro
1495 3176 1569 3239 ad
1597 3195 1722 3238 rem
1754 3178 2044 3257 pertinet,
2076 3178 2125 3239 si
2155 3177 2358 3238 dixero
2381 3178 2624 3239 Licham

468 3260 862 3324 Tarentinum
916 3281 1046 3325 esse
1102 3261 1408 3323 dominum
1465 3262 1712 3324 huiusce
1758 3263 2003 3342 navigii,
2062 3262 2166 3341 qui
2210 3262 2625 3343 Tryphaenam

467 3347 700 3408 exulem
745 3349 1067 3409 Tarentum
1111 3348 1263 3408 ferat
1278 3344 1327 3407 ‘1’
1387 3348 1671 3409 intremui
1714 3357 1850 3428 post
1894 3348 2005 3408 hoc
2049 3347 2268 3410 fulmen
2316 3350 2625 3424 attonituS,

467 3431 792 3511 iuguloque
837 3435 1066 3495 detecto
1113 3430 1468 3511 ‘aliquando'
1512 3433 1754 3512 inquam
1786 3438 1996 3494 ‘totum
2027 3452 2151 3506 me,
2198 3433 2497 3509 Fortuna,
2540 3434 2628 3495 vi-

469 3516 639 3578 cisti’.
703 3537 839 3580 nam
872 3518 1046 3580 Giton
1095 3517 1332 3597 quidem
1377 3536 1560 3598 super
1601 3527 1814 3597 pectus
1857 3536 2055 3581 meum
2100 3519 2328 3599 positus
2363 3520 2462 3581 diu
2496 3520 2626 3582 ani-

469 3618 626 3667 mam
671 3604 811 3682 egit.
870 3605 1082 3666 deinde
1114 3613 1180 3664 ut
1211 3603 1434 3665 effusus
1463 3603 1645 3665 sudor
1674 3605 1981 3683 utriusque
2012 3604 2285 3685 spiritum
2314 3606 2627 3679 revocavit,

469 3688 898 3765 comprehendi
929 3688 1204 3768 Eumolpi
1249 3706 1444 3767 genua
1488 3697 1546 3750 et
1592 3688 1908 3751 ‘miserere'
1952 3689 2193 3769 inquam
2224 3691 2625 3754 ‘morientium

644 3908 673 3957 5
712 3905 1082 3972 properandum
1109 3905 1434 3959 Tornaesius
1466 3911 1751 3974 proposuit
1775 3907 1795 3974 ΙΙ
1821 3910 1851 3961 8
1887 3907 1938 3959 in
1976 3908 2103 3960 alter
2129 3906 2149 3975 ΙΙ
2177 3912 2239 3961 10
2275 3908 2455 3961 fecerit
2477 3911 2628 3972 Ιῑονί-

476 3969 619 4036 leg-ia
661 3973 681 4040 ΙΙ
730 3976 791 4026 16
828 3974 958 4025 intra
1000 3974 1322 4026 Tornaesius
1356 3976 1376 4042 ΙΙ
1416 3978 1478 4029 17
1516 3974 1833 4029 diffidentem
1869 3975 2054 4028 Dema
2079 3975 2099 4043 ΙΙ
2126 3978 2189 4030 21
2229 3981 2283 4029 at
2316 3977 2443 4029 haec
2474 3979 2482 4043 Ι
2511 3976 2625 4038 for·

473 4042 616 4092 tasse
649 4042 801 4109 plane
828 4041 847 4109 ΙΙ
874 4043 939 4094 24
975 4042 1090 4094 exul
1128 4058 1244 4095 eum
1283 4044 1589 4095 Strelitzius
1618 4047 1626 4112 Ι
1658 4045 1944 4111 exciperet:
1982 4045 2279 4110 exciperent
2313 4044 2559 4097 Reislcius
