2881 4580
1193 267 1476 322 sumar.
2334 269 2416 331 48

182 448 239 498 Η
425 458 542 502 nec
589 458 712 502 non
744 440 1097 505 Trimalchio
1140 441 1268 520 ipse
1313 459 1450 502 cum
1490 439 1784 505 tubicines
1813 451 1969 504 esset
2009 442 2300 516 imitatus,
2344 444 2415 506 ad

187 537 195 544 ·
254 525 495 587 delicias
535 543 674 587 suas
718 526 1005 605 respexit,
1050 544 1228 606 quem
1271 525 1556 588 Croesum
1602 524 1949 605 appellabat.
2025 547 2179 607 puer
2220 538 2415 591 autem

251 611 483 691 lippus,
514 609 934 674 sordidissimis
962 610 1270 684 dentibus,
1301 611 1569 673 catellam
1600 611 1832 690 nigram
1862 620 2039 691 atque
2068 613 2418 677 indecenter

252 696 542 776 pinguem
586 696 828 775 prasina
865 695 1197 759 involvebat
1238 696 1415 758 fascia
1460 714 1796 776 panemque
1823 698 2125 761 semissem
2155 698 2417 778 ponebat

177 793 209 842 5
251 799 430 861 super
476 789 677 844 torum
707 791 883 860 atque
914 775 1318 928 [hachnausea
1348 790 1724 845 recusantem
1766 781 2089 860 saginabat.
2151 801 2269 863 quo
2313 786 2416 847 ad-

249 865 517 929 monitus
575 866 755 929 officii
801 866 1055 928 Trimalc
1102 867 1156 927 ‘o
1202 866 1506 946 Scylacem
1550 866 1720 930 iussit
1774 866 1985 930 adduci
2026 873 2042 901 ‘
2060 868 2414 949 praesidium

248 952 460 1013 domus
503 951 876 1031 familiaeque
893 951 929 1012 '.
1017 960 1136 1014 nec¹
1171 970 1373 1025 mora,
1417 952 1679 1032 ingentis
1722 953 1950 1014 formae
1993 953 2282 1017 adductus
2326 965 2416 1018 est

251 1037 414 1098 canis
460 1045 673 1098 catena
713 1037 979 1112 vinctus,
1036 1037 1491 1116 admonitusque
1537 1037 1758 1100 ostiarii
1803 1038 1990 1113 calce,
2038 1048 2104 1101 ut
2146 1037 2412 1113 cubaret,

251 1130 388 1183 ante
431 1140 705 1184 mensam
748 1141 813 1184 se
857 1122 1074 1202 posuit.
1133 1131 1261 1183 tum
1305 1121 1662 1186 Trimalchio
1704 1122 1931 1185 iactans
1965 1124 2280 1187 candidum
2308 1144 2411 1205 pa-

150 1221 207 1273 te
251 1226 391 1268 nem
435 1205 657 1269 ‘nemo’
698 1207 896 1286 inquit
940 1206 1022 1269 ‘in
1077 1207 1254 1270 domo
1297 1225 1428 1268 mea
1479 1226 1577 1269 me
1633 1207 1768 1288 plus
1823 1207 2013 1270 amat'.
2072 1209 2414 1290 indignatus

248 1310 418 1373 puer,
450 1291 617 1371 quod
646 1291 952 1373 Scylacem
980 1301 1102 1355 tam
1130 1293 1319 1354 effuse
1347 1292 1639 1368 laudaret,
1671 1293 1937 1356 catellam
1967 1294 2029 1354 in
2061 1303 2278 1357 terram
2309 1296 2412 1356 de-

248 1377 449 1456 posuit
493 1377 880 1456 hortatusque
913 1388 1023 1452 est,
1069 1386 1137 1439 ut
1163 1377 1234 1437 ad
1266 1376 1451 1441 rixam
1482 1388 1851 1458 properaret.
1911 1378 2150 1458 Scylax,
2196 1380 2412 1442 canino

248 1462 474 1524 scilicet
509 1481 655 1525 usus
682 1463 960 1540 ingenio,
1004 1463 1343 1526 taeterrimo
1373 1462 1584 1526 latratu
1615 1463 1937 1527 triclinium
1967 1463 2228 1543 implevit
2256 1464 2412 1525 Mar·

248 1547 616 1626 garitamque
661 1546 861 1610 Croesi
905 1566 1096 1627 paene
1150 1548 1444 1610 laceravit.
1534 1567 1644 1610 nec
1687 1549 1843 1610 intra
1887 1548 2072 1610 rixam
2124 1549 2412 1613 tumultus

148 1645 204 1697 15
248 1632 547 1707 constitit,
590 1633 694 1694 sed
740 1631 1159 1695 candelabrum
1204 1632 1378 1695 etiam
1421 1653 1604 1713 super
1634 1651 1896 1696 mensam
1925 1652 2195 1697 eversum
2223 1643 2284 1696 et
2312 1653 2410 1696 va-

245 1736 309 1779 sa
339 1718 542 1779 omnia
587 1717 923 1797 crystallina
966 1718 1314 1781 comminuit
1343 1728 1402 1779 et
1432 1719 1567 1781 oleo
1595 1719 1846 1781 ferventi
1875 1718 2102 1798 aliquot
2135 1720 2409 1783 convivas

244 1802 551 1883 respersit.
624 1802 981 1865 Trimalchio
1014 1823 1091 1866 ne
1121 1803 1415 1865 videretur
1444 1804 1667 1869 iactura
1703 1813 1929 1879 motus,
1973 1803 2218 1868 basiavit
2259 1824 2409 1885 pue·

244 1906 380 1949 rum
425 1906 497 1948 ac
539 1887 710 1955 iussit
750 1907 933 1969 super
975 1888 1215 1952 dorsum
1260 1890 1582 1952 ascendere
1609 1908 1803 1953 suum.
1865 1909 1985 1951 non
2018 1900 2284 1952 moratus
2313 1891 2409 1953 ille

244 1991 387 2035 usus
432 1982 514 2034 est
558 1991 712 2052 equo
757 1992 1058 2053 manuque
1101 1974 1276 2053 plena
1318 1975 1590 2055 scapulas
1624 1975 1752 2038 eius
1780 1974 2033 2039 subinde
2064 1974 2407 2051 verberavit,

143 2069 200 2122 20
240 2057 524 2138 interque
551 2059 736 2120 risum
767 2058 1176 2138 proclamavit:
1223 2057 1462 2134 ‘bucca,
1509 2059 1728 2136 bucca,
1765 2069 1910 2140 quot
1937 2070 2080 2122 sunt
2107 2058 2267 2124 hic‘l’
2312 2080 2407 2124 re·

240 2162 486 2223 pressus
545 2161 687 2222 ergo
745 2143 1103 2224 aliquamdiu
1147 2144 1503 2231 Trimalchio
1559 2145 1862 2207 camellam
1911 2144 2196 2223 grandem
2240 2146 2409 2209 iussit

243 2246 480 2290 misceri

240 2315 519 2393 potiones
563 2312 737 2378 dividi
782 2315 1060 2377 omnibus
1105 2315 1317 2389 serviS,
1362 2315 1464 2394 qui
1505 2315 1580 2376 ad
1610 2316 1791 2396 pedes
1820 2313 2137 2389 sedebant,
2181 2315 2406 2378 adiecta

240 2400 624 2480 exceptione:
659 2399 727 2461 ‘si
759 2399 910 2479 quis'
931 2399 1128 2479 inquit
1149 2400 1426 2463 ‘noluerit
1456 2400 1743 2481 accipere,
1774 2408 1953 2480 caput
1981 2399 2063 2460 illi
2094 2400 2405 2478 perfunde.

140 2494 196 2545 2⁶
238 2484 501 2551 interdiu
534 2502 755 2559 severa,
787 2484 1227 2568 nuncxhilaria’.

408 2570 566 2631 hanc
608 2569 1034 2632 humanitatem
1078 2570 1382 2633 insecutae
1423 2579 1570 2631 sunt
1608 2577 1888 2643 matteae,
1933 2587 2184 2648 quarum
2226 2571 2402 2632 etiam
2423 2572 2504 2635 65

239 2654 574 2717 recordatio
618 2673 735 2730 me,
778 2655 828 2717 si
870 2673 989 2734 qua
1032 2664 1123 2717 est
1151 2656 1371 2718 dicenti
1398 2655 1576 2729 fides,
1620 2654 1887 2717 offendit.
1948 2654 2216 2735 singulae
2245 2656 2406 2718 enim

238 2740 493 2817 gallinae
537 2739 726 2802 altiles
767 2758 879 2820 pro
923 2740 1114 2806 turdis
1158 2740 1533 2802 circumlatae
1578 2749 1720 2803 sunt
1763 2749 1822 2801 et
1850 2758 1960 2802 ova
1988 2739 2263 2802 anserina
2292 2741 2406 2821 pil·

237 2825 426 2900 leata,
472 2841 623 2904 quae
667 2834 734 2886 ut
777 2843 1206 2900 comessemus‚
1250 2824 1723 2888 ambitiosissime
1764 2846 1803 2889 a
1847 2824 2020 2887 nobis
2049 2824 2405 2889 Trimalchio

137 2918 195 2970 8⁰
238 2910 411 2989 petiit
454 2908 660 2974 dicens
704 2920 998 2973 exossatas
1043 2929 1173 2974 esse
1216 2910 1482 2990 gallinas.
1542 2911 1701 2974 inter
1741 2911 1887 2973 haec
1927 2910 2171 2973 triclinii
2215 2912 2405 2976 valvas

238 2995 416 3056 lictor
459 2995 782 3074 percussit,
825 2996 1191 3075 amictusque
1234 3005 1392 3057 veste
1437 2995 1570 3058 alba
1615 3015 1752 3059 cum
1796 2995 2028 3075 ingenti
2068 2996 2403 3075 frequentia

238 3080 597 3142 comissator
640 3080 895 3142 intravit.
957 3099 1068 3160 ego
1112 3080 1416 3143 maiestate
1462 3081 1824 3144 conterritus
1864 3090 2199 3160 praetorem
2231 3092 2401 3161 puta-

238 3164 374 3226 bam
403 3164 654 3228 venisse.
697 3165 896 3245 itaque
923 3166 1199 3244 temptavi
1228 3183 1542 3245 assurgere
1570 3174 1633 3227 et
1659 3166 1852 3228 nudos
1881 3166 2062 3245 pedes
2090 3166 2149 3228 in
2183 3175 2399 3229 terram

238 3251 490 3313 deferre.
563 3249 694 3313 risit
737 3250 891 3312 hanc
947 3250 1402 3330 trepidationem
1448 3253 1858 3331 Agamemnon
1909 3259 1969 3313 et
2014 3250 2278 3312 ‘contine
2321 3252 2400 3312 te'

140 3343 195 3394 35
235 3335 435 3414 inquit
478 3335 688 3397 ‘homo
733 3335 1093 3397 stultissime.
1181 3334 1488 3399 Habinnas
1531 3337 1687 3398 sevir
1729 3346 1817 3400 est
1859 3335 2133 3415 idemque
2175 3335 2397 3415 lapida-

238 3421 397 3496 rius,
430 3421 532 3500 qui
561 3420 795 3484 videtur
821 3429 1207 3482 monumenta
1239 3422 1464 3501 optime
1492 3421 1726 3484 facere!

408 3513 708 3568 recreatus
740 3505 856 3569 hoc
885 3523 1161 3569 sermone
1191 3508 1433 3585 reposui
1478 3506 1776 3580 cubitum,
1821 3502 2275 3584 Habinnamque
2304 3506 2399 3572 in-

237 3600 497 3653 trantem
556 3608 691 3652 cum
748 3590 1136 3653 admiratione
1187 3592 1415 3672 ingenti
1460 3589 1818 3672 spectabam.
1906 3589 2003 3653 ille
2045 3598 2242 3652 autem
2284 3591 2398 3656 iam

238 3676 442 3739 ebrius
486 3675 691 3742 uxoris
732 3694 874 3738 suae
918 3676 1141 3740 umeris
1170 3676 1534 3757 imposuerat
1563 3695 1804 3753 manus,
1851 3685 2250 3755 oneratusque
2291 3677 2400 3738 ali-

405 3897 443 3948 4
475 3909 734 3947 semesum
770 3895 1161 3962 Burmannus!
1188 3899 1219 3948 5
1255 3894 1353 3946 hoc
1388 3898 1487 3945 aut
1519 3893 1652 3947 hanc
1673 3894 2036 3947 Hadm‘anides
2060 3892 2081 3963 ΙΙ
2106 3898 2135 3947 6
2174 3894 2397 3962 0ῐὶἱοίοΕ

236 3963 540 4083 Ξέΰῖιίεοεῐί
591 3968 644 4015 et
678 3962 917 4029 potiones
950 3965 1235 4015 Antonius.
1304 3978 1493 4013 vereor
1551 3978 1622 4013 ne
1661 3962 1827 4030 plura
1874 3963 2051 4015 desint
2088 3962 2108 4031 ΙΙ
2153 3966 2219 4018 36
2256 3962 2398 4018 vide·
