2881 4580
1182 257 1463 311 SATIRAE
2316 258 2398 318 93

172 447 218 498 L
241 434 467 495 aiebam
514 432 601 493 ‘si
661 432 907 493 callidus
963 440 1230 512 captator
1284 432 1721 512 exploratorem
1766 433 1826 492 in
1874 433 2129 495 Africam
2176 433 2401 495 miserit

240 518 740 595 mendaciumque
793 517 1252 597 deprehenderit
1316 514 1634 579 nostrum?
1693 517 1866 596 quid,
1926 519 1976 579 si
2024 520 2199 581 etiam
2245 536 2400 579 mer-

240 604 568 666 cennarius
597 596 922 685 [Eumolpi]
954 602 1252 682 praesenti
1296 603 1573 664 felicitate
1617 602 1806 664 lassus
1836 602 2119 666 indicium
2152 605 2222 665 ad
2255 605 2400 664 ami-

242 708 345 750 cos
390 687 676 750 detulerit
719 696 1025 766 totamque
1071 686 1354 748 fallaciam
1385 688 1671 749 invidiosa
1701 688 2039 768 proditione
2070 687 2403 751 detexerit?

169 781 198 829 5
242 792 462 853 nempe
520 790 731 835 rursus
774 772 1122 851 fugiendum
1166 773 1279 833 erit
1321 782 1383 834 et
1425 772 1665 834 tandem
1709 782 2044 853 expugnata
2087 784 2405 854 paupertas

243 877 395 920 nova
442 857 826 919 mendicitate
871 858 1218 918 revocanda.
1279 857 1357 918 dii
1394 860 1686 937 deaeque,
1733 876 1911 938 quam
1940 860 2091 920 male
2123 869 2212 921 est
2241 868 2401 920 extra

240 944 435 1025 legem
464 942 825 1004 viventibus:
874 942 1155 1021 quicquid
1189 952 1569 1016 meruerunt,
1598 962 1837 1025 semper
1865 944 2198 1024 expectant’

1316 1049 1352 1088 t

416 1114 576 1192 ‘quia
609 1112 766 1174 nosti
793 1130 1073 1173 venerem
1104 1122 1287 1187 tuam,
1328 1112 1668 1192 superbiam
1700 1124 1901 1193 captas
1933 1114 2256 1193 vendisque
2286 1131 2411 1174 am-

248 1198 478 1278 plexus,
512 1216 633 1259 non
668 1197 1027 1259 commodas.
1074 1216 1194 1277 quo
1227 1199 1383 1260 enim
1415 1206 1691 1277 spectant
1720 1199 1904 1259 flexae
1924 1200 2160 1278 pectine
2183 1217 2405 1269 comae,

145 1290 202 1341 10
247 1302 367 1362 quo
414 1283 596 1345 facies
636 1282 1027 1344 medicamine
1071 1283 1266 1344 attrita
1309 1292 1370 1344 et
1398 1282 1708 1344 oculorum
1742 1302 1981 1362 quoque
2010 1283 2206 1345 mollis
2236 1293 2407 1364 petu-

248 1368 451 1442 lantia,
484 1386 603 1447 quo
634 1368 902 1429 incessus
931 1378 1055 1429 arte
1087 1367 1454 1448 compositus
1484 1376 1544 1428 et
1567 1387 1643 1429 ne
1663 1367 1906 1447 vestigia
1931 1369 2167 1447 quidem
2192 1368 2408 1447 pedum

249 1462 417 1514 extra
472 1471 817 1515 mensuram
872 1453 1234 1526 aberrantia,
1297 1453 1409 1514 nisi
1464 1453 1621 1531 quod
1666 1454 1918 1514 sormam
1961 1453 2300 1532 prostituiS,
2347 1464 2412 1514 ut

248 1536 516 1599 vendas?
545 1538 706 1600 vides
734 1556 864 1599 me:
898 1557 1010 1599 nec
1038 1538 1282 1617 auguria
1315 1538 1452 1599 novi
1477 1557 1591 1600 nec
1615 1538 2158 1599 mathematicorum
2185 1537 2412 1600 caelum

253 1641 468 1685 curare
498 1623 693 1698 soleo,
725 1643 797 1684 ex
825 1623 1084 1684 vultibus
1112 1632 1309 1684 tamen
1343 1624 1654 1685 hominum
1685 1641 1882 1684 mores
1912 1622 2155 1703 colligo,
2187 1633 2247 1684 et
2276 1640 2412 1685 cum

148 1715 208 1766 15
251 1708 610 1788 spatiantem
659 1708 802 1783 vidi,
850 1708 989 1787 quid
1038 1708 1257 1787 cogitet
1286 1709 1428 1770 scio.
1492 1709 1611 1770 sive
1643 1726 1784 1785 ergo
1817 1708 1991 1769 nobis
2018 1708 2223 1769 vendis
2256 1709 2414 1786 quod

255 1801 396 1874 peto
414 1839 431 1867 ,
462 1802 758 1854 mercator
785 1802 1024 1873 paratus
1055 1802 1172 1868 est,
1218 1793 1338 1855 sive
1371 1793 1530 1873 quod
1562 1793 1878 1856 humanius
1908 1803 2029 1870 est,
2059 1794 2416 1866 commodaS,

256 1880 429 1940 effice
459 1887 527 1939 ut
553 1878 909 1940 beneficium
941 1878 1278 1939 debeamus.
1335 1897 1470 1939 nam
1504 1879 1663 1958 quod
1694 1897 1927 1941 servum
1956 1890 2016 1940 te
2048 1888 2107 1939 et
2136 1879 2416 1940 humilem

253 1963 493 2038 fateris,
539 1963 816 2025 accendis
861 1964 1215 2025 desiderium
1260 1965 1602 2026 aestuantis.
1661 1965 1948 2043 quaedam
1980 1963 2139 2024 enim
2168 1965 2421 2026 feminae

257 2047 541 2111 sordibus
570 2049 798 2123 calent,
831 2067 944 2109 nec
972 2048 1277 2110 libidinem
1309 2050 1631 2123 concitant,
1664 2049 1777 2110 nisi
1808 2059 1910 2110 aut
1939 2067 2140 2110 servos
2168 2049 2423 2111 viderint

153 2142 213 2192 20
256 2142 362 2195 aut
402 2142 657 2195 statores
711 2133 886 2196 altius
930 2135 1175 2195 cinctos.
1237 2135 1460 2195 harena
1505 2134 1645 2195 alias
1689 2134 1959 2195 accendit
2003 2142 2105 2193 aut
2149 2135 2424 2212 perfusus

259 2219 507 2301 pulvere
537 2218 720 2280 mulio
753 2228 855 2280 aut
884 2219 1092 2280 histrio
1123 2237 1373 2280 scaenae
1406 2219 1804 2280 ostentatione
1832 2217 2156 2279 traductus.
2213 2237 2284 2278 ex
2311 2218 2422 2279 hac

260 2314 406 2366 nota
436 2305 675 2366 domina
705 2314 796 2366 est
823 2322 985 2365 mea:
1017 2323 1208 2384 usque
1239 2304 1312 2365 ab
1345 2304 1645 2365 orchestra
1675 2303 2146 2383 quattuordecim
2170 2304 2427 2365 transilit

261 2398 327 2451 et
353 2390 417 2451 in
449 2400 711 2451 extrema
742 2390 915 2470 plebe
945 2391 1176 2469 quaerit
1205 2390 1364 2470 quod
1394 2388 1635 2468 diligat?

435 2475 634 2553 itaque
678 2475 947 2536 oratione
976 2475 1352 2537 blandissima
1383 2474 1600 2554 plenus
1630 2472 1815 2552 ‘rogo'
1847 2473 2092 2551 inquam
2117 2473 2427 2552 ‘numquid

159 2567 217 2617 25
264 2560 394 2634 illa,
441 2578 595 2639 quae
638 2578 735 2620 me
765 2569 948 2633 amat,
995 2569 1061 2622 tu
1091 2580 1156 2622 es
1168 2557 1218 2620 ‘t’
1263 2559 1519 2620 multum
1551 2559 1681 2620 risit
1708 2558 1917 2619 ancilla
1948 2566 2084 2637 post
2112 2567 2230 2619 tam
2262 2558 2428 2638 frigi-

265 2647 408 2707 dum
455 2645 692 2706 schema
738 2655 798 2706 et
827 2645 1008 2707 ‘nolo’
1039 2645 1234 2725 inquit
1266 2645 1394 2706 ‘tibi
1437 2653 1558 2706 tam
1588 2643 1752 2704 valde
1783 2643 2034 2723 placeas.
2096 2660 2206 2720 ego
2237 2642 2429 2704 adhuc

266 2749 438 2792 servo
472 2748 781 2810 nunquam
812 2730 1132 2804 succubui,
1175 2749 1288 2791 nec
1319 2731 1433 2791 hoc
1465 2729 1544 2791 dii
1574 2730 1805 2802 sinant,
1836 2737 1904 2789 ut
1932 2728 2236 2807 amplexus
2265 2743 2431 2789 meos

269 2816 330 2877 in
366 2833 607 2876 crucem
637 2816 883 2876 mittam.
943 2816 1197 2877 viderint
1223 2824 1533 2876 matronae
1551 2861 1567 2888 ,
1613 2832 1763 2893 quae
1793 2813 2159 2894 flagellorum
2189 2814 2430 2894 vestigia

273 2900 656 2976 osculantur3
701 2919 811 2979 ego
857 2901 1030 2962 etiam
1077 2900 1125 2962 si
1172 2900 1385 2962 ancilla
1430 2918 1595 2973 sum,
1643 2917 1947 2979 nunquam
1995 2907 2190 2960 tamen
2226 2899 2340 2961 nisi
2368 2899 2430 2960 in

163 2993 224 3043 30
272 2986 652 3064 equestribus
694 2985 910 3047 sedeo'.
997 2985 1199 3046 mirari
1246 2986 1521 3064 equidem
1567 2994 1688 3046 tam
1748 2984 2083 3046 discordem
2127 2983 2431 3045 libidinem

274 3070 446 3150 coepi
492 3080 669 3149 atque
712 3071 870 3131 inter
914 3079 1178 3132 monstra
1211 3088 1556 3143 numerare,
1602 3069 1762 3149 quod
1793 3069 2004 3131 ancilla
2036 3069 2282 3130 haberet
2311 3087 2435 3129 ma-

275 3165 484 3217 tronae
515 3155 852 3235 superbiam
886 3163 946 3216 et
973 3164 1243 3216 matrona
1275 3155 1524 3216 ancillae
1553 3154 1963 3216 humilitatem.

169 3251 267 3303 Lo
400 3243 412 3322 1
449 3241 916 3320 procedentibus
937 3241 1152 3301 deinde
1174 3240 1411 3319 longius
1433 3240 1579 3302 iocis
1602 3240 1801 3319 rogavi
1827 3238 2117 3311 ancillam,
2138 3237 2283 3299 utin
2311 3237 2438 3315 pla-

281 3334 503 3386 tanona
547 3324 907 3405 perduceret
948 3325 1267 3386 dominam.
1326 3325 1548 3405 placuit
1577 3325 1808 3405 puellae
1839 3323 2172 3384 consilium.
2238 3321 2437 3399 itaque

169 3419 230 3467 35
281 3410 519 3490 collegit
547 3410 720 3471 altius
750 3411 1011 3472 tunicam
1040 3410 1321 3490 flexitque
1351 3430 1414 3471 se
1445 3411 1507 3471 in
1540 3429 1673 3471 eum
1706 3410 2054 3489 daphnona,
2097 3407 2196 3485 qui
2229 3406 2440 3468 ambu-

286 3496 490 3557 lationi
534 3496 835 3558 haerebat.
898 3514 1011 3556 nec
1055 3494 1151 3557 diu
1200 3504 1426 3557 morata
1471 3495 1769 3557 dominam
1816 3491 2095 3572 producit
2137 3510 2168 3551 e
2200 3492 2441 3555 latebris

282 3580 571 3659 laterique
614 3599 750 3641 meo
795 3581 1082 3660 applicat,
1130 3581 1435 3642 mulierem
1483 3580 1761 3641 omnibus
1803 3576 2133 3639 simulacris
2163 3578 2440 3638 emenda-

289 3665 519 3726 tiorem.
580 3664 741 3725 nulla
785 3683 898 3726 vox
943 3673 1034 3726 est
1077 3684 1228 3744 quae
1259 3667 1510 3726 formam
1544 3665 1670 3727 eius
1698 3663 1886 3743 possit
1915 3663 2440 3742 comprehendere,

423 3905 432 3913 ⁸
461 3886 492 3935 8
530 3883 800 3934 adiectum
834 3882 1043 3950 Chrysis
1087 3880 1274 3934 ancilla
1311 3881 1481 3933 Circes
1528 3880 1590 3931 ad
1639 3879 1956 3947 Polyaenum
1982 3880 2002 3947 11
2028 3885 2059 3934 9
2097 3880 2394 3933 commodos
2426 3882 2446 3947 11

299 3955 353 4003 11
395 3953 522 4015 arte]
563 3955 674 4003 tute
700 3950 720 4017 11
747 3954 809 4005 15
846 3952 1045 4017 cogites
1070 3950 1089 4018 11
1119 3954 1178 4005 17
1218 3948 1476 4017 debeam.
1508 3952 1570 4003 19
1605 3948 1816 4000 libidine
1853 3950 2176 4001 concitantur
2215 3947 2448 4000 Tornae-

291 4022 402 4070 sius
428 4017 537 4086 1120
575 4019 777 4086 aliquas
803 4018 910 4087 1133
947 4020 1077 4071 iocis
1114 4034 1215 4074 om.
1256 4018 1297 4068 0
1326 4017 1335 4085 1
1367 4018 1604 4070 ancillam
1640 4034 1738 4069 om.
1778 4017 1822 4068 L
1850 4016 1961 4086 1134
1994 4016 2299 4084 produceret
2334 4016 2378 4067 L

2462 1114 2581 1177 126
