2881 4580
508 288 630 350 150
1437 289 1732 344 CARMINA

1514 463 1641 524 LXI

617 610 626 616 -
734 566 891 637 Quid
920 566 1134 628 frustra
1164 566 1453 644 quereris,
1483 566 1715 639 colone,
1746 584 1999 638 mecum,

734 652 891 731 quod
927 652 1221 731 quondam
1255 650 1411 731 bene
1439 652 1742 713 fructuosa
1773 652 1961 712 malus

734 737 1033 799 autumnis
1058 736 1274 799 sterilis
1303 735 1537 798 duobus
1564 735 1831 798 adstem?

734 841 858 884 non
889 840 983 883 me
1012 831 1373 901 praegravat,
1404 830 1472 883 ut
1499 831 1691 905 putaS,
1721 831 2015 896 senectus,

606 916 651 967 .5
737 925 849 968 nec
878 925 1007 969 sum
1039 907 1328 984 grandine
1357 905 1663 969 verberata
1693 908 1858 980 dura,

736 1011 851 1053 nec
878 1011 1156 1070 gemmas,
1171 993 1344 1053 modo
1376 992 1644 1072 germine
1675 1000 1959 1055 exeuntes

735 1077 854 1139 seri
884 1078 1119 1156 frigoris
1150 1078 1426 1140 ustulavit
1456 1095 1616 1150 aura,

738 1180 851 1223 nec
878 1163 1036 1223 venti
1068 1163 1367 1243 pluviaeve
1397 1163 1717 1237 siccitasve‚

738 1248 895 1326 quod
928 1248 1000 1309 de
1030 1266 1093 1309 se
1124 1266 1427 1327 quererer,
1461 1247 1677 1308 malum
1710 1247 2030 1321 dederunt;

593 1340 651 1392 10
738 1351 858 1393 non
891 1341 1134 1395 sturnus
1162 1333 1304 1394 mihi
1335 1333 1716 1412 gracculusve
1746 1342 1949 1413 raptor
1988 1384 1991 1391 .

737 1426 838 1479 aut
866 1418 1074 1479 cornix
1103 1437 1254 1481 anus
1281 1427 1385 1480 aut
1414 1436 1672 1497 aquosus
1700 1436 1877 1479 anser
1905 1453 1910 1458 -

737 1511 839 1564 aut
869 1522 1082 1564 corvus
1114 1504 1320 1564 nocuit
1348 1503 1717 1565 siticulosus:

738 1588 839 1650 sed
872 1589 1029 1667 quod
1062 1589 1321 1650 carmina
1352 1589 1592 1669 pessimi
1626 1597 1832 1668 poetae

737 1673 914 1735 ramis
943 1674 1207 1735 sustineo
1236 1674 1566 1735 laboriosis.

1609 1826 1764 1887 LXII

739 1925 945 1987 Securi
969 1926 1238 2001 dormite,
1264 1946 1472 1989 canes:
1495 1928 1785 1989 custodiet
1805 1929 2046 1991 hortum

817 2030 950 2073 cum
983 2011 1094 2074 sibi
1126 2012 1333 2074 dilecta
1366 2014 1552 2075 Sirius
1582 2013 1860 2092 Erigone.

1599 2165 1781 2227 LXIII

737 2266 950 2327 Parum
984 2274 1072 2328 est
1102 2267 1263 2341 mihi,
1296 2269 1454 2347 quod
1487 2268 1582 2330 hic
1615 2268 1709 2329 fixi
1743 2268 1940 2330 sedem

736 2362 947 2429 agente
976 2361 1132 2414 terra
1163 2372 1271 2432 per
1301 2355 1625 2416 caniculam
1659 2355 1836 2414 rimas

735 2437 1093 2500 siticulosam
1124 2439 1486 2501 sustinemus
1516 2449 1789 2501 aestatem
1807 2437 1838 2499 Ἰ

734 2540 963 2603 parum,
997 2523 1153 2602 quod
1187 2524 1394 2586 hiemis
1424 2525 1730 2604 perfluunt
1757 2525 1925 2585 sinus
1958 2523 2174 2586 imbres

622 2617 652 2666 5
736 2618 795 2667 et
826 2608 886 2667 in
920 2609 1161 2687 capillos
1192 2609 1516 2687 grandines
1546 2610 1765 2671 cadunt
1797 2618 2034 2670 nostros

739 2692 1009 2771 rigetque
1042 2694 1186 2754 dura
1218 2694 1400 2755 barba
1431 2696 1625 2756 vincta
1658 2692 1972 2774 crystallo?

737 2795 963 2856 parum,
998 2781 1155 2856 quod
1188 2788 1314 2840 acta
1344 2781 1456 2841 sub
1486 2778 1788 2840 laboribus
1816 2780 1948 2861 luce

738 2880 936 2941 parem
969 2862 1177 2925 diebus
1206 2865 1451 2944 pervigil
1479 2865 1650 2925 traho
1682 2861 1960 2925 noctem?

736 2947 854 3007 huc
884 2949 1051 3021 adde,
1085 2950 1242 3027 quod
1276 2968 1368 3010 me
1397 2949 1721 3012 terribilem
1757 2950 1932 3026 fuste}

595 3040 652 3091 10
737 3050 946 3095 manus
976 3033 1106 3094 sine
1137 3044 1261 3096 arte
1291 3036 1543 3096 rusticae
1573 3035 1938 3109 dolaverunt,

739 3117 1011 3196 interque
1045 3123 1292 3181 cunctos
1324 3120 1593 3181 ultimum
1626 3121 1768 3181 deos
1801 3138 2023 3180 numen

740 3203 1182 3266 cucurbitarum
1215 3205 1446 3283 ligneus
1476 3224 1656 3266 vocor
1683 3212 1895 3267 custos.

738 3289 964 3349 accedit
993 3289 1118 3350 istis
1146 3290 1547 3370 impudentiae
1578 3290 1830 3369 signum,

736 3373 1054 3436 libidinoso
1086 3382 1248 3437 tenta
1278 3375 1535 3455 pyramis
1567 3394 1770 3436 nervo.

596 3463 652 3516 15
739 3458 811 3518 ad
843 3459 997 3521 hanc
1029 3461 1222 3540 puella
1253 3495 1336 3506 —
1365 3479 1557 3540 paene
1590 3479 1805 3520 nomen
1842 3458 2027 3520 adieci
2060 3491 2142 3501 —

739 3543 887 3606 solet
917 3547 1119 3607 venire
1149 3565 1284 3608 cum
1316 3564 1423 3607 suo
1456 3547 1737 3619 fututore‚

741 3647 890 3707 quae
923 3640 1011 3692 tot
1039 3633 1276 3711 figuras,
1310 3640 1456 3711 quot
1487 3631 1780 3692 Philaenis
1812 3638 2068 3704 enarrat,

739 3732 863 3774 non
894 3715 1151 3778 inventis
1178 3717 1449 3796 pruriosa
1481 3715 1744 3777 discedit.

683 3863 824 3917 LXIII
865 3870 886 3919 1
925 3868 1284 3918 restituendus
1319 3884 1501 3918 versus
1535 3867 1609 3917 ad
1643 3868 1783 3916 hunc
1817 3865 2031 3916 modum
2066 3863 2190 3915 mihi
2217 3862 2354 3930 quod
2380 3862 2465 3913 hic
2499 3858 2653 3913 semel

509 3929 694 3998 pedem
729 3931 845 3984 fixi:
884 3933 1021 4001 quod
1057 3935 1141 3986 hic
1176 3939 1233 3986 ut
1266 3934 1472 3988 fiximus
1507 3934 1666 3987 semel
1702 3933 1875 3985 sedem
1910 3933 2289 3984 Lachmannus
2317 3932 2326 3997 Ι
2358 3933 2391 3982 4
2427 3930 2515 3980 imi
2552 3942 2656 3996 per-

511 4000 679 4050 fluunt
703 4005 800 4051 aut
822 4001 1141 4068 superfluunt
1171 4000 1179 4068 Ι
1212 4004 1242 4053 6
1266 4003 1404 4056 duro
1425 4004 1676 4054 Heinsius
1705 4003 1714 4068 Ι
1746 4005 1777 4055 9
1797 4000 1932 4053 fuste
1951 4001 2014 4052 de
2049 3999 2158 4052 rudi
2185 4000 2340 4051 vilem
2365 3998 2609 4062 Scaliger
2643 3994 2652 4061 Ι

513 4069 580 4118 15
618 4065 680 4118 ad
717 4069 842 4120 baec
879 4069 1049 4120 codeoe
1082 4085 1222 4121 unus
1251 4071 1260 4137 Ι
1293 4075 1353 4122 17
1394 4087 1496 4138 quo
1535 4072 1779 4121 Heinsius
1807 4072 1816 4137 Ι
1846 4067 2025 4136 figuris
2055 4069 2238 4135 plures
2278 4068 2287 4137 Ι
2333 4070 2394 4120 18
2438 4082 2543 4119 non
2578 4062 2657 4116 ad·
