2881 4580
742 1026 1159 1112 INDICES
1220 1027 1875 1112 PETRONIANI

826 1342 1307 1406 CONSPECTVS
1351 1342 1786 1406 SATIRARVM

404 1514 527 1576 cap.
559 1498 589 1558 1
621 1497 661 1557 2
684 1494 1010 1576 Encolpius,
1042 1499 1147 1576 qui
1168 1515 1276 1557 sua
1305 1499 1503 1558 satiris
1527 1494 1617 1556 his
1643 1496 1774 1574 sata
1795 1504 2046 1566 enarrat,
2075 1498 2140 1556 in
2169 1514 2374 1574 yraeca

252 1580 599 1661 Campaniae
625 1580 766 1640 urbe
794 1580 1200 1658 confabulatus
1229 1600 1356 1643 ωιτη
1389 1583 1807 1661 Ayamemnone
1841 1580 2063 1641 rhetore
2092 1580 2377 1644 declama-

244 1670 464 1727 tionum
494 1664 850 1746 reprehendit
880 1669 1124 1746 ineptias
1148 1666 1353 1747 quibus
1381 1686 1521 1728 vera
1542 1669 1781 1745 perierit
1804 1665 2141 1746 eloquentia.
2206 1670 2373 1729 3—5

241 1751 535 1831 respondet
565 1750 663 1812 illi
685 1750 880 1812 rhetor
899 1762 1168 1831 parentes
1199 1755 1471 1814 incusans
1505 1755 1607 1832 qui
1633 1750 1839 1813 liberos
1867 1769 2002 1812 suos
2031 1769 2225 1813 severa
2258 1751 2374 1831 leqe

242 1839 474 1899 institui
511 1835 703 1898 nolint
746 1846 797 1897 et
841 1840 1118 1916 optimam
1161 1837 1237 1898 ad
1279 1836 1655 1917 eloquentiam
1698 1842 1855 1898 viam
1884 1840 2138 1898 carmine
2165 1837 2377 1899 adum-

240 1921 410 1983 brans
440 1920 837 2000 eoetemporali.
901 1923 1065 1985 6-—8
1092 1921 1400 2002 Encolpius
1428 1921 1690 2001 Ascylton
1720 1921 1969 1983 sodalem
1998 1940 2167 1984 suum
2199 1940 2377 2002 quae-

235 2011 421 2068 ritans
450 2006 521 2068 ab
552 2004 787 2068 anicula
817 2006 1115 2067 deducitur
1144 2012 1207 2067 in
1234 2008 1535 2086 fornicem,
1571 2007 1676 2067 ubi
1701 2010 1870 2067 etiam
1899 2006 2147 2067 sodalem
2178 2006 2377 2085 depre-

237 2090 447 2152 hendit.
511 2093 714 2154 9—11
751 2089 922 2153 Giton
953 2091 1218 2171 Encolpii
1240 2092 1472 2153 deliciae
1492 2092 1563 2153 ab
1593 2091 1814 2171 Ascylto
1844 2091 1956 2151 sibi
1981 2095 2099 2152 vim
2130 2090 2372 2153 inlatam

240 2180 518 2257 queritur,
535 2176 762 2256 litiyant
775 2175 1084 2256 Encolpius
1098 2187 1148 2237 et
1163 2175 1414 2255 Ascyltos
1428 2177 1731 2257 divisisque
1743 2175 2053 2238 sarcinulis
2065 2175 2373 2248 discedunt,

234 2280 496 2324 reversus
524 2274 717 2324 autem
749 2261 998 2342 Ascyltos
1028 2262 1478 2324 concumbentem
1508 2280 1637 2324 cum
1672 2260 1874 2323 Gitone
1895 2260 2210 2341 Encolpion
2239 2279 2375 2322 ver-

237 2347 409 2410 berat.
478 2348 725 2410 12—15
758 2351 822 2409 in
852 2347 986 2425 soro
1020 2346 1331 2428 Encolpius
1374 2357 1427 2409 et
1457 2347 1709 2426 Ascyltos
1741 2346 1990 2427 pallium
2021 2347 2374 2409 venditantes

232 2436 540 2495 inveniunt
566 2436 847 2494 rusticum
877 2452 1005 2494 cum
1038 2432 1298 2494 tunicula
1341 2452 1514 2513 quam
1543 2435 1659 2511 ipsi
1687 2435 1999 2493 amiserant
2029 2434 2222 2493 aureis
2244 2430 2372 2511 ple-

233 2537 386 2590 nam,
409 2517 661 2597 pallium
690 2522 941 2580 rusticus
963 2515 1251 2598 comesque
1281 2521 1404 2579 eius
1423 2517 1637 2579 mulier
1654 2516 1767 2578 sibi
1785 2528 2041 2596 ereptum
2066 2515 2369 2579 latrocinio

232 2603 504 2675 clamant,
548 2607 805 2665 tunicam
834 2602 1017 2665 altera
1039 2621 1183 2682 pars
1209 2613 1525 2682 recuperat.
1601 2603 1850 2665 16—19
1880 2606 2032 2663 venit
2062 2601 2137 2663 ad
2164 2600 2371 2663 Encol-

231 2693 368 2768 pion
414 2697 469 2751 et
498 2687 765 2767 Ascylton
808 2691 874 2749 in
902 2687 1193 2749 stabulum
1224 2685 1518 2759 Quartilla
1560 2707 1731 2768 quam
1773 2689 2128 2769 offenderant
2158 2685 2370 2766 Priapo

233 2773 670 2853 sacrificantem,
716 2776 971 2835 iniuriae
1011 2776 1461 2851 satisfactionem
1503 2773 1797 2854 morbique
1837 2773 2151 2834 remedium
2192 2790 2373 2851 empo-

232 2858 473 2920 stulans.
556 2859 798 2920 19-21
849 2861 1033 2919 variis
1072 2859 1257 2920 modis
1299 2864 1443 2921 torti
1482 2863 1713 2920 iuvenes
1756 2878 1885 2920 cum
1918 2855 2211 2929 Quartilla
2254 2858 2371 2919 dis-

234 2943 507 3005 cumbunt
552 2946 618 3004 in
663 2942 935 3005 triclinio.
1027 2944 1278 3006 22—24
1324 2948 1514 3006 cenati
1554 2963 1682 3005 cum
1727 2945 2072 3015 dormirent,
2122 2943 2375 3022 furandi

234 3031 523 3091 occasione
566 3027 709 3107 Syri
746 3038 1025 3100 utuntur,
1083 3031 1508 3110 emperyesactos
1564 3030 1743 3091 caedit
1785 3028 2069 3091 cinaedus.
2160 3028 2240 3090 25
2289 3029 2368 3091 26

241 3112 541 3186 Quartilla
573 3112 810 3192 Psyches
841 3112 1148 3175 ancillulae
1175 3133 1314 3176 suae
1345 3134 1476 3175 cum
1510 3113 1711 3176 Gitone
1739 3116 1973 3193 nuptias
2000 3117 2259 3192 imperat.

408 3199 491 3262 26
516 3199 593 3259 27
629 3198 745 3260 alio
770 3199 861 3259 die
881 3210 1190 3260 cenaturus
1217 3200 1372 3279 apud
1400 3198 1872 3261 Trimalchionem
1893 3198 2223 3259 libertinum
2246 3195 2371 3256 En-

231 3282 454 3364 colpius
498 3302 625 3345 cum
654 3283 878 3363 Ascylto
924 3283 1180 3345 lavatum
1224 3288 1270 3345 it
1316 3284 1706 3365 ludentemque
1747 3293 1955 3364 spectat
1999 3300 2183 3344 senem
2221 3280 2366 3360 pila.

232 3371 313 3433 28
332 3371 482 3433 -31
519 3372 776 3449 sequitur
803 3389 840 3431 a
871 3368 1072 3430 balneo
1109 3367 1594 3441 Trimalchionem,
1635 3371 1865 3431 domum
1895 3372 2018 3428 eius
2046 3370 2225 3427 intrat
2256 3368 2367 3426 mi·

230 3466 414 3525 ratus,
456 3472 566 3534 per
590 3454 856 3533 familiae
884 3453 1355 3536 lautitiarumque
1395 3454 1683 3518 obstacula
1713 3454 1900 3515 evadit
1928 3453 2006 3514 ad
2032 3450 2367 3514 triclinium.

231 3540 488 3603 31—33
520 3538 910 3612 discumbitur,
956 3539 1223 3617 adfertur
1249 3544 1518 3619 yustatio‚
1561 3545 1677 3620 ipse
1716 3537 1993 3601 accumbit
2026 3535 2367 3598 Trimalchio

231 3628 562 3705 tesserisque
605 3622 797 3685 ludere
833 3627 1041 3704 perqit.
1117 3626 1368 3688 34-36
1400 3625 1676 3687 laudatur
1703 3625 1971 3686 dominus
1993 3630 2229 3704 propter
2257 3620 2369 3682 ele—

230 3713 492 3789 9antias‚
537 3711 675 3770 vino
706 3709 897 3771 adlato
946 3719 996 3769 et
1025 3709 1280 3772 ciborum
1320 3712 1657 3790 repositorio
1701 3709 1967 3770 hortatur
1994 3720 2058 3770 ut
2097 3716 2285 3787 potent
2317 3717 2368 3768 et

232 3806 446 3857 cenent.
523 3796 600 3857 37
638 3796 718 3857 38
749 3798 985 3874 emponit
1014 3793 1285 3874 Encolpio
1331 3799 1576 3856 conviva
1609 3796 1674 3856 de
1710 3793 2138 3864 Trimalchione,
2182 3810 2369 3853 umore

234 3885 370 3952 eius,
418 3878 726 3942 collibertis
769 3898 836 3940 ac
878 3882 1149 3941 convivis.
1225 3880 1470 3942 39—41
1532 3878 1873 3942 Trimalchio
1908 3878 2282 3960 phi'loloqiam
2312 3896 2370 3938 se

231 3984 392 4028 nosse
438 3964 680 4027 ostendit
723 3974 774 4024 et
817 3964 887 4025 ab
931 3964 1109 4027 altero
1155 3963 1376 4043 ferculo
1409 3969 1594 4044 suryit
1639 3966 1715 4027 ad
1755 3964 2038 4027 lasanum.
2116 3964 2367 4025 41-—46

233 4051 458 4113 absente
491 4069 555 4112 eo
586 4053 1043 4111 sermocinantur
1071 4053 1358 4122 convivae,
1396 4051 1462 4112 de
1490 4060 1812 4132 tempestate
1842 4050 2059 4122 Dama,
2104 4048 2369 4109 Seleucus
