2881 4580
444 276 564 338 186
1348 279 1679 334 VARRONIS

1434 452 1481 511 V
1514 453 1599 529 (7)

307 545 396 596 226
2016 547 2194 618 atque

932 623 1192 703 Aegaeos
1221 622 1436 684 fluctus
1468 640 1642 701 quam
1674 622 1810 683 lavit
1839 632 1975 685 ante
2005 625 2220 703 aquilo,

849 725 1056 770 saevus
1085 706 1186 769 ubi
1216 708 1413 788 posuit
1444 707 1706 787 Neptuni
1736 708 1891 770 filius
1920 709 2129 771 urbem

310 919 397 971 22¹1
478 996 489 1008 ⁶
653 911 918 1009 singulos
947 912 1130 973 lectos
1160 920 1373 973 stratos
1403 825 1508 972 ulei
1530 827 1861 986 {iluimus
1892 912 2191 974 amisimus
2223 922 2471 993 propter
2498 931 2601 974 ca-

442 1013 587 1057 riem
619 1005 678 1058 et
706 1005 925 1058 tineam

318 1177 403 1229 228
657 1166 904 1247 phrygio
938 1166 1036 1246 qui
1068 1166 1341 1247 pulvinar
1372 1081 1897 1247 pxgrgppjngerffi
1928 1166 2106 1228 soliar
2135 1167 2447 1247 deiugebat

1392 1285 1524 1346 VIII
1555 1287 1639 1363 (3)

319 1398 406 1449 229
661 1386 933 1448 mulieres
964 1387 1133 1448 aliam
1165 1405 1445 1448 cerneres
1475 1405 1610 1448 cum
1641 1387 1790 1448 stola
1820 1380 2271 1473 ὅλοπορφύρῳ

1139 1570 1879 1624 ΚΥΝΟΔΙΔΑΣΚΑΛῙΚΑ

313 1688 398 1739 230
650 1669 850 1817 Verria
862 1675 925 1732 in
953 1673 1433 1751 cynodidascalico
1460 1671 1802 1735 Phalaecion
1828 1683 2074 1735 metrum
2103 1641 2358 1735 ionicum
2391 1677 2602 1736 trime-

442 1765 599 1817 trum
630 1775 772 1838 appe
853 1766 874 1817 t

1271 1858 1754 1912 KYNOPHTQP

1338 1960 1362 2020 1
1393 1972 1705 2039 (κυνίστωρ)

313 2080 395 2131 231
652 2061 886 2142 eclipsis
916 2060 1155 2142 quando
1186 2063 1270 2137 fit,
1303 2081 1412 2125 cur
1435 2064 1573 2126 luna
1597 2063 1866 2126 laboret?
1898 2074 1958 2126 et
1980 2064 2026 2126 si
2051 2064 2165 2125 hoc
2190 2062 2436 2124 ridicule
2462 2081 2596 2124 cre-

442 2147 609 2219 dunt,
641 2147 856 2222 dicant,
889 2148 1030 2227 quid
1061 2146 1287 2209 laboret

1495 2232 1547 2295 11

314 2351 399 2403 232
656 2335 904 2397 celerius
935 2344 1121 2399 mater
1150 2336 1350 2397 amixit

1305 2518 1430 2571 Lex
1467 2518 1717 2571 MAENJA

1448 2623 1472 2683 1
1505 2625 1591 2701 (6)

319 2727 405 2777 233
853 2727 963 2770 nos
992 2708 1367 2783 AdmiranteS,
1399 2709 1559 2788 quod
1589 2726 1801 2770 sereno
1833 2707 2056 2769 lumine

851 2794 1162 2868 tonuisset,
1196 2795 1382 2856 oculis
1413 2793 1559 2855 caeli
1588 2793 1790 2855 rimari
1817 2793 2017 2874 plagas

1439 2912 1493 2973 11
1524 2913 1611 2990 (7)

319 3015 404 3067 234
853 3015 975 3057 non
1008 2997 1116 3058 hos
1147 2997 1418 3059 Pactolus
1448 3002 1655 3059 aureas
1686 2996 1873 3058 undAs
1902 3014 2083 3077 agens

850 3082 1063 3162 eripiet
1089 3100 1369 3161 umquam
1401 3101 1433 3143 e
1462 3082 1711 3144 miseriis

617 3233 715 3283 226
749 3230 817 3283 N.
845 3247 904 3298 p.
942 3233 1038 3284 503
1078 3230 1246 3301 levit-1
1278 3246 1434 3298 egeus
1470 3233 1576 3296 (vel
1609 3231 1792 3298 egetis)
1827 3232 2015 3284 fluctus
2041 3230 2061 3298 ΙΙ
2087 3232 2183 3283 227
2221 3229 2288 3283 Ν.
2321 3248 2375 3298 p.
2412 3234 2477 3284 83
2517 3246 2600 3284 ca·

448 3300 547 3352 ries
578 3300 586 3363 Ι
613 3305 768 3367 putes
803 3301 968 3352 tineas
994 3299 1013 3367 [1
1040 3301 1140 3353 228
1175 3300 1317 3366 N.p.
1336 3302 1366 3352 3
1394 3301 1612 3368 phrygio
1643 3305 1651 3365 Ι
1682 3299 1957 3365 devigebat
1990 3300 2076 3350 vel
2108 3298 2401 3365 deiugebat.
2470 3315 2598 3365 pro·

441 3371 622 3435 posita
655 3373 783 3419 sunt
816 3368 1123 3436 depingebat
1158 3368 1444 3435 refingebat
1479 3367 1780 3435 diffingebat
1815 3367 2091 3433 levigabat.
2158 3369 2218 3418 in
2245 3366 2373 3423 CIL.
2406 3369 2600 3421 V1139

450 3439 651 3502 legitur
684 3437 883 3504 repingi
918 3438 1134 3487 verbum
1159 3436 1179 3503 ΙΙ
1206 3438 1304 3489 229
1340 3435 1407 3488 Ν.
1437 3453 1493 3502 p.
1534 3439 1629 3489 537
1671 3436 1858 3488 stolam
1898 3434 1907 3505 Ι
1947 3449 2122 3488 cernes
2157 3435 2329 3487 codem
2363 3439 2601 3502 optimus

620 3507 716 3559 230
757 3504 970 3557 Caesius
1003 3505 1202 3556 Bassus
1253 3506 1316 3556 de
1357 3507 1542 3555 metris
1573 3520 1627 3571 p.
1665 3505 1758 3556 261
1801 3503 1860 3556 Κ.
1909 3506 2067 3556 leuius
2103 3503 2269 3555 libelli
2313 3520 2602 3570 argumen-

451 3579 564 3625 tum
617 3589 726 3624 non
778 3574 991 3624 videtur
1026 3573 1330 3640 discrepare
1386 3588 1506 3623 cum
1556 3588 1616 3623 eo
1653 3588 1806 3637 quem
1840 3571 2053 3624 Nonius
2091 3587 2146 3637 p.
2183 3574 2247 3624 67
2304 3576 2601 3638 parectatac

449 3646 708 3693 memorat
751 3641 912 3693 Varro
959 3641 1022 3694 de
1071 3641 1443 3709 compositione
1488 3646 1769 3693 saturarum
1818 3642 2124 3706 ‘parectatee
2161 3644 2367 3704 essunt,
2418 3638 2603 3692 mulier

452 3725 582 3776 quae
617 3708 797 3761 mulier
833 3708 1022 3774 venue,
1058 3708 1228 3777 ceput’

621 3779 715 3829 231
756 3777 1136 3844 Philan-gyrwe
1169 3778 1328 3843 Verg.
1353 3791 1542 3842 georg.
1567 3775 1606 3827 11
1642 3779 1738 3829 477
1778 3774 1936 3827 Varro
1982 3775 2035 3826 in
2071 3774 2356 3842 cynistrore
2387 3774 2397 3843 Ι
2428 3775 2604 3829 dicant

453 3843 589 3910 quod
625 3844 902 3913 laborantu
929 3847 1026 3899 232
1062 3845 1343 3897 Diomedes
1368 3861 1427 3912 p.
1466 3846 1563 3898 367
1602 3843 1658 3896 Κ.

623 3914 720 3965 233
759 3911 971 3964 Nonius
997 3929 1054 3979 p.
1093 3915 1191 3966 369
1226 3913 1375 3981 plaga
1415 3917 1468 3962 et
1496 3929 1549 3980 p.
1586 3914 1685 3966 382
1721 3911 1888 3963 rimari
1916 3910 1936 3978 ΙΙ
1959 3912 2060 3965 234
2094 3909 2164 3962 Ν.
2195 3926 2250 3977 p.
2270 3912 2368 3964 243
2409 3925 2561 3978 agere
2589 3912 2599 3979 Ι

452 3994 480 4031 e
516 3995 597 4033 me
622 3980 839 4108 m}se·riis
865 3981 1034 4032 codem
1059 3983 1317 4047 optimae.-
1353 3995 1577 4034 emersos
1603 3996 1666 4032 ex
1691 3980 1768 4032 his
1793 3979 2009 4032 miseriis
2035 3980 2197 4030 huius
2217 3980 2365 4030 modi
2389 3980 2608 4031 videtur

452 4063 634 4098 versus
698 4064 837 4099 mese
