2881 4580
483 274 605 334 130

480 444 720 512 concepti
756 446 820 496 33
851 443 998 508 pulli
1030 447 1095 494 in
1124 446 1238 495 ovis

481 512 892 579 conceptissimis
906 512 1092 564 iuravit
1109 511 1279 563 verbis
1294 511 1387 564 113
1407 509 1505 564 133

484 584 674 635 bonum
711 585 856 632 tuum
903 594 1194 647 concoquas
1232 582 1295 632 75
1366 578 1505 630 sicco

491 678 492 681 ¹
552 649 829 714 concoquit
863 663 951 700 ore
978 647 1168 701 famem
1193 650 1257 701 82
1325 647 1508 714 plagas

555 716 774 770 concoxi
810 719 906 770 105

485 787 537 838 in
572 784 882 838 conductum
916 782 1200 836 accucurrit
1236 785 1267 835 9

485 852 786 920 congemuit.
816 853 880 906 23
919 855 1016 904 100

487 921 786 974 consiliatur
820 920 1030 972 deorum
1069 922 1133 972 76

484 991 661 1043 vinum
699 991 807 1041 erat
843 991 1018 1040 contra
1054 994 1236 1039 aurum
1272 988 1339 1038 76
1414 1005 1420 1009 ·

443 1102 452 1111 .
483 1058 594 1124 fugi
630 1062 874 1123 tanquam
900 1070 982 1110 ,00
1102 1053 1407 1120 compilatus
1443 1054 1508 1105 62

487 1125 750 1178 corcilhim
768 1127 848 1176 est
866 1140 968 1190 quo
1025 1123 1281 1175 hominem
1301 1121 1424 1175 facit
1445 1125 1508 1175 75

486 1192 757 1246 corneolus
789 1192 888 1244 fuit
921 1194 987 1246 43

488 1262 677 1329 quibus
713 1275 836 1328 prae
871 1260 1010 1312 mala
1040 1274 1132 1313 sua
1172 1272 1357 1311 cornua
1396 1271 1511 1309 nas-

555 1332 736 1382 cuntur
760 1330 826 1381 39
863 1334 969 1381 tam
990 1327 1211 1394 rigidum
1229 1340 1384 1395 quam
1402 1340 1512 1378 cor-

542 1396 623 1449 'nu
662 1399 760 1450 134

383 1438 386 1441 ’
425 1504 426 1507 ,
487 1464 788 1532 corymbion
826 1467 922 1517 110

487 1532 764 1585 recorrexit
798 1535 969 1584 costas
1003 1530 1143 1584 illius
1164 1529 1418 1583 vindemia
1445 1531 1511 1582 43

489 1600 764 1655 cruciarius
803 1601 898 1654 112

490 1668 740 1721 cubitoria
774 1669 1080 1719 ammata
1119 1668 1184 1718 30

488 1736 573 1788 hic
608 1739 687 1788 est
722 1735 858 1801 apud
895 1749 1047 1800 quem
1085 1734 1322 1786 cubitum
1355 1747 1514 1800 pone-

558 1803 626 1856 tis
662 1806 724 1856 27
796 1803 1008 1868 reposui,
1038 1801 1265 1853 cubitum
1301 1803 1368 1854 65

489 1886 590 1923 11011
627 1874 846 1937 possunt
870 1870 1001 1922 bene
1027 1869 1166 1922 olere
1189 1869 1277 1935 qui
1311 1869 1364 1922 in
1388 1869 1514 1921 culi-

559 1953 624 1990 na
660 1938 892 1991 habitant
929 1940 959 1990 2

488 2007 690 2059 Athana
736 2007 830 2058 tibi
878 2006 1004 2057 irata
1042 2005 1108 2057 sit
1144 2006 1333 2058 curabo
1366 2009 1514 2056 simi-

560 2077 734 2141 lesque
760 2091 863 2140 per
887 2076 987 2125 Ιιοσ
1002 2076 1222 2126 verbum
1245 2076 1515 2125 minacius

383 2216 386 2217 ’
491 2211 642 2264 facile
671 2215 758 2263 'est
791 2211 878 2263 ubi
916 2210 1083 2262 omnia
1122 2207 1365 2277 quadrata
1403 2224 1515 2260 cur-

559 2284 680 2332 runt
717 2281 782 2333 43

491 2415 556 2467 da
594 2415 731 2482 hnon
769 2417 867 2468 126

492 2483 555 2536 de
581 2482 812 2536 unctorio
844 2482 950 2535 ictu
980 2483 1076 2536 136
1151 2481 1392 2549 apodixin
1427 2479 1514 2532 de-

487 2591 496 2600 .
559 2551 863 2603 functoriam
904 2552 999 2604 132
1438 2564 1453 2579 ·

492 2620 676 2678 venies
693 2618 788 2670 sub
814 2618 1019 2670 dentem
1040 2620 1105 2671 58

560 2686 718 2739 habet
753 2687 819 2739 42
1267 2742 1272 2746 q

492 2754 954 2821 depraesentiarum
990 2755 1057 2804 74
1093 2754 1157 2804 58

496 2822 656 2875 satius
709 2826 789 2873 est
823 2820 974 2871 rideri
1010 2834 1161 2886 quam
1200 2817 1414 2870 derideri
1449 2821 1512 2873 61

563 2904 659 2940 nec
697 2891 865 2940 tamen
912 2886 1089 2939 derisit
1136 2888 1202 2939 62
1274 2900 1395 2952 ergo
1429 2901 1514 2939 me

563 2955 771 3008 derisit?
811 2958 906 3007 100
1190 2965 1193 2968 ’

495 3025 633 3078 soles
657 3038 739 3076 me
763 3029 915 3076 nocte
939 3022 1237 3074 desomnem
1262 3022 1428 3073 facere
1450 3024 1512 3073 47

291 3154 298 3162 ,
407 3115 410 3118 ’
497 3093 659 3161 quite
683 3092 877 3158 primus
903 3087 1130 3143 deurode
1151 3090 1272 3143 fecit
1297 3092 1362 3143 58
1398 3105 1516 3141 cor-

561 3164 781 3228 ruptum

495 3229 776 3282 deversitor
801 3230 864 3282 95
899 3221 1201 3290 πανδοχεύς
1234 3240 1361 3277 anus
1385 3226 1516 3277 inter

566 3298 906 3351 deversitores
941 3295 1254 3361 ingurgitata
1291 3296 1355 3346 79

494 3366 597 3418 cito
633 3364 693 3417 fit
717 3365 854 3432 quod
880 3363 930 3415 di
957 3363 1138 3415 volunt
1156 3365 1222 3415 76
1258 3361 1514 3428 quomodo

564 3434 648 3484 vel
659 3431 1086 3500 quemadmodum
1099 3430 1150 3482 di
1166 3431 1348 3482 volunt
1366 3432 1427 3484 61
1452 3432 1514 3482 76

498 3501 654 3553 diaria
695 3503 760 3553 24
796 3504 860 3553 75

463 3619 468 3622 Α
496 3568 811 3634 dignitossus
847 3572 908 3621 57

498 3636 699 3702 dispare
733 3636 945 3702 pallavit
979 3638 1045 3690 46

500 3703 826 3770 gaudimonio
879 3709 976 3754 aut
1029 3703 1273 3755 felicitate
1323 3701 1521 3754 dissilio

500 3837 671 3889 divina
708 3840 739 3888 6
772 3852 905 3902 saga
974 3837 1223 3890 divinatio
1253 3841 1344 3892 117
1385 3837 1518 3888 divi-

567 3920 759 3956 norum
795 3922 888 3956 ars
1031 3941 1034 3944 -

500 3973 752 4026 destinavi
820 3972 966 4024 illum
1048 3971 1247 4024 artificii
1316 3972 1516 4036 docere,

468 4046 474 4052 ’
567 4055 871 4108 praeconem
907 4043 993 4091 aut
1030 4039 1339 4092 causidicum
1377 4041 1443 4091 46

1178 2632 1310 2686 aqua
1334 2616 1516 2669 dentes
1559 2642 1561 2645 ⁴

1450 269 1648 325 mnsx

1608 441 1775 492 aratro
1811 437 2096 490 domefacta
2136 437 2288 490 tellus
2315 440 2381 491 99
2407 435 2503 502 (cti
2522 436 2640 489 AL.

1674 506 1841 557 Riesii
1871 505 1988 571 726,
2020 506 2108 572 31)

1610 574 1778 642 qualis
1816 574 2068 638 dominus,
2124 574 2242 627 talis
2283 577 2334 625 et
2370 587 2552 624 servus
2574 575 2642 626 58

1608 643 1661 695 111
1687 642 2045 694 domusionem
2068 641 2265 694 litteras
2289 639 2444 693 didici
2468 642 2535 694 48
2575 640 2638 691 ad

1678 710 2031 779 domusionem
2067 711 2133 762 46

1609 778 1729 831 lanx
1764 777 1972 832 donaria
2008 781 2074 832 59

1613 946 1829 999 effluunt
1863 946 2039 999 vinum
2075 946 2351 1013 amphorae
2388 949 2449 998 71

1612 1013 1925 1081 elegidarion
1964 1017 2060 1069 109

1613 1083 1857 1164 all-ipsiu·
1888 1082 2017 1135 haec
2050 1083 2287 1135 mentula
2324 1085 2391 1136 24
2428 1080 2500 1142 cf:
2542 1084 2662 1136 132-

1680 1148 2224 1298 ἒιὲοξῖἓωὲναζξὶῗέξι
2245 1153 2646 1270 &mig-⁸235&

1683 1301 1795 1338 cam
1831 1290 2005 1338 crines
2044 1289 2140 1341 126
2212 1303 2337 1340 coco
2390 1301 2518 1338 coco
2555 1287 2641 1347 fa-

1682 1356 1857 1406 ciebas
1892 1358 1957 1408 59
2029 1369 2125 1421 ego
2175 1361 2229 1408 et
2274 1355 2642 1420 tuspousiun-

1682 1422 1846 1474 culam
1889 1423 2158 1484 faciamus
2203 1426 2267 1477 58
2337 1423 2491 1491 posui
2539 1438 2645 1474 uon

1681 1491 1845 1557 magis
1869 1506 1952 1543 me
1988 1491 2266 1557 occisurus,
2305 1505 2464 1557 quam
2486 1489 2642 1542 Giton

1683 1558 1909 1611 facturus
1933 1564 2052 1609 erat
2078 1560 2173 1613 108
2210 1559 2437 1612 nondum
2458 1558 2643 1610 Caesar

1683 1629 1792 1678 erat
1825 1630 1997 1678 victus
2027 1628 2121 1679 123
2189 1643 2338 1678 more
2361 1631 2564 1678 usitato
2583 1629 2668 1682 in,

1681 1698 1969 1760 sponsione
2003 1698 2068 1747 70
2216 1699 2220 1703 ”

1615 1762 1987 1815 embasicoetas
2026 1765 2092 1816 24
2128 1764 2192 1814 26
2349 1805 2356 1814 .

1615 1831 1747 1883 bene
1783 1845 1918 1896 emo,
1951 1831 2082 1883 bene
2119 1829 2284 1883 vendo
2324 1834 2390 1882 75

1615 1899 1736 1966 quia
1774 1899 1910 1950 enim
1946 1902 2008 1953 51

1558 1964 1567 1973 ’
1615 1966 1822 2034 epulum
1860 1966 1975 2019 dedi
2009 1966 2051 2018 11
2084 1964 2320 2017 denarios
2358 1968 2417 2018 71
2463 1968 2528 2018 45

1615 2049 1876 2101 uunquam
1911 2034 2008 2086 nisi
2034 2035 2085 2085 in
2122 2032 2448 2102 equestribus
2484 2033 2653 2086 sedeo

1615 2103 1783 2222 estlff)
1796 2170 2007 2222 videre?
2046 2172 2108 2222 67
2138 2185 2271 2222 nunc
2293 2174 2404 2221 erat
2428 2169 2646 2222 submit-

1682 2244 1789 2290 tere
1829 2240 1925 2293 126

1570 2313 1571 2316 ’
1615 2307 1990 2359 excatarissasti
2027 2321 2108 2359 me
2146 2308 2211 2358 67
2251 2324 2284 2358 a
2309 2304 2653 2376 καθαρίζων

1615 2376 1969 2441 exopinissare
2005 2376 2069 2427 62

1615 2442 1832 2496 frontem
1871 2442 2234 2509 expudoratam
2274 2444 2339 2494 39

1616 2526 1643 2562 3
1670 2525 1725 2563 se
1751 2513 1887 2564 exire
1908 2514 1973 2564 90
2009 2511 2107 2576 exi,
2135 2509 2310 2563 defero
2333 2510 2557 2562 lamnam
2579 2510 2652 2561 58

1684 2577 1829 2631 ocius
1865 2579 2003 2631 foras
2040 2579 2120 2630 exi
2157 2582 2223 2631 94

1617 2648 1808 2699 exitum
1845 2646 2012 2699 facere
2048 2649 2078 2699 2
2114 2649 2179 2698 45

1618 2716 1908 2767 exsibilavit
1944 2717 2010 2766 64
2506 2777 2507 2780 ¹

1616 2798 1863 2836 exsonare
1902 2785 1963 2835 16
2004 2784 2065 2834 19
2107 2784 2201 2835 109
2239 2780 2309 2841 cf.
2347 2782 2412 2832 73

1618 2949 1881 3016 omniaad
1894 2966 1951 3003 se
1976 2950 2205 3002 fecerunt
2224 2952 2289 3002 38
2309 2948 2452 3001 ¹iecit
2476 2963 2652 3001 assem

1684 3022 1745 3072 61
1769 3019 1954 3071 ‘facere
1977 3022 2171 3070 meiero
2195 3020 2261 3070 62
2295 3020 2355 3067 in
2379 3018 2541 3068 rebus
2564 3033 2648 3066 ve-

1682 3090 1851 3138 neriis
1887 3089 2050 3150 4587
2122 3086 2183 3138 fit
2207 3090 2434 3137 cenatur
2471 3087 2538 3137 26
2573 3084 2646 3136 fa-

1684 3156 1846 3207 ciatur
1881 3158 1939 3207 71
1981 3155 2098 3207 faxo
2135 3155 2310 3207 sciatis
2349 3156 2412 3206 95

1616 3224 1824 3286 factum,
1860 3238 1961 3275 non
1998 3223 2169 3275 sabula
2199 3224 2261 3274 76
2300 3227 2546 3288 tanquam
2571 3221 2652 3272 ni·

1684 3292 1755 3344 hil
1791 3291 1912 3342 facti
1951 3293 2014 3343 76

1618 3375 1719 3412 non
1755 3374 1812 3411 es
1847 3365 2051 3411 nostrae
2086 3358 2275 3410 fasciae
2311 3360 2377 3410 46
2724 3399 2735 3406 .

1620 3427 1844 3479 fastosus
1883 3428 1975 3479 131
2050 3427 2174 3478 mihi
2209 3426 2394 3479 fastum
2430 3425 2556 3477 facit
2580 3429 2655 3477 96

1623 3495 1795 3548 malus
1823 3494 1961 3546 fatus
1996 3497 2071 3547 42
2099 3498 2162 3547 71
2235 3494 2372 3545 fatus
2407 3508 2556 3545 meus
2581 3497 2644 3545 77

1623 3563 1786 3615 crevit
1820 3565 2063 3629 tanquam
2098 3554 2244 3614 savus
2282 3563 2346 3613 43
2386 3563 2467 3613 76·
2523 3590 2535 3602 ·
2652 3559 2657 3562 ’

1624 3631 1996 3684 nonaccersito
2043 3630 2315 3682 ferrumine
2353 3632 2450 3682 102
2522 3644 2652 3681 anu-

1690 3698 1796 3749 lum
1831 3713 2039 3750 aureum
2076 3697 2252 3751 ferreis
2287 3697 2432 3749 velut
2480 3698 2661 3749 stellis

1693 3766 2075 3830 ser-ruminatum
2113 3768 2177 3818 32
2247 3764 2501 3833 ponticuli
2551 3766 2654 3818 fer-

1688 3834 1929 3892 ruminati
1967 3837 2027 3888 31
2062 3891 2065 3892 ⁷

1619 3902 1952 3969 Hermogenis
1989 3902 2175 3954 filicem
2214 3904 2277 3953 45
2348 3901 2527 3963 filiam
2552 3905 2667 3952 im*

1677 3973 1904 4037 probam

1617 4038 1914 4105 ingeniosus
1952 4042 2031 4092 est
2065 4042 2117 4090 et
2152 4038 2289 4089 bono
2326 4035 2418 4088 filo
2458 4039 2525 4088 46
