2881 4580
480 285 601 344 120
1337 284 1761 339 CONSPECTVS

478 461 545 522 de
573 461 796 539 funere,
829 457 1085 520 Phileros
1113 459 1179 520 de
1209 468 1435 519 mortuo
1484 461 1710 538 eiusque
1737 458 1954 536 fratre,
1991 455 2339 536 Ganymedes
2371 459 2436 519 de
2464 459 2633 537 fame

478 564 651 625 quam
678 545 850 623 fraus
879 543 1152 605 aedilium
1185 555 1236 603 et
1265 542 1567 605 hominum
1596 546 1859 623 impietas
1886 546 2148 614 moverit,
2188 542 2405 604 Echion
2436 545 2502 605 de
2534 544 2630 605 lu-

481 631 568 691 dis
589 629 843 691 coloniae
864 639 916 689 et
923 628 1265 708 petitoribus
1284 627 1596 690 aedilitatis
1609 639 1661 689 et
1676 626 2228 689 litterarumhonore
2238 632 2440 709 suique
2450 633 2631 709 pueri

481 715 828 776 educatione.
874 715 1124 776 47-52
1149 713 1299 775 redit
1325 711 1686 784 Trimalchio,
1717 731 1874 774 suem
1896 713 2077 774 occidi
2094 717 2393 794 statimque
2409 717 2630 792 parari

485 804 546 861 in
576 818 774 861 cenam
803 799 971 870 iubet,
1003 803 1101 879 qui
1128 810 1316 860 coctus
1344 815 1538 859 coram
1566 802 1816 859 convivis
1844 800 2227 868 eatinteratur,
2267 799 2630 860 sermonibus

484 888 712 963 attinyit
735 885 1095 955 medicinam,
1125 883 1488 955 rhetoricam,
1512 880 1799 954 historias,
1830 887 2051 944 artium
2073 888 2479 964 siynorumque
2502 894 2633 944 stu-

485 970 597 1031 dia.
669 972 919 1033 52—54
950 967 1103 1030 ebrio
1127 972 1438 1049 promimus
1479 968 1768 1030 cordacem
1809 968 2019 1029 saltare
2054 972 2248 1048 coepit,
2296 973 2629 1030 actuarium

484 1056 646 1116 audit
674 1065 800 1116 acta
822 1054 1052 1134 praedii
1090 1058 1188 1114 sui
1223 1057 1572 1124 recitantem,
1608 1056 2052 1132 petauristarios
2091 1063 2348 1132 spectans
2378 1073 2415 1114 a
2436 1073 2628 1134 puero

484 1158 657 1219 super
692 1139 896 1201 lectum
938 1143 1059 1199 eius
1107 1138 1329 1217 delapso
1376 1138 1639 1200 laeditur.
1715 1142 1793 1200 55
1829 1141 1909 1201 56
1940 1143 2345 1218 epiyrammate
2385 1142 2447 1199 in
2478 1139 2634 1199 hunc

486 1243 678 1286 casum
706 1226 858 1304 sacto
903 1225 968 1285 de
992 1227 1172 1303 poetis
1201 1224 1421 1285 locutus
1452 1234 1743 1303 comparat
1784 1227 1937 1284 inter
1972 1242 2029 1284 se
2068 1223 2391 1285 Ciceronem
2430 1235 2485 1286 et
2515 1223 2630 1303 Sy-

484 1328 638 1382 rum,
682 1309 899 1371 litteras
941 1319 992 1369 et
1036 1309 1309 1389 artificia,
1356 1308 1519 1370 boves
1548 1317 1600 1369 et
1628 1326 1775 1377 oves,
1821 1310 1993 1370 donec
2033 1308 2381 1390 apophoreta
2429 1310 2632 1370 distri-

488 1395 761 1457 buuntur.
826 1398 903 1457 57
939 1395 1019 1458 58
1050 1394 1367 1456 ridentibus
1396 1413 1463 1455 ea
1491 1392 1716 1471 Ascylto
1749 1403 1800 1453 et
1825 1392 2025 1456 Gitoni
2042 1393 2347 1456 Hermeros
2377 1393 2635 1456 Trimal-

488 1480 705 1542 chionis
760 1479 1082 1541 collibertus
1139 1482 1350 1558 inyerit
1392 1483 1668 1540 convicia.
1746 1479 1827 1543 59
1875 1482 1954 1542 60
2000 1483 2227 1541 intrant
2269 1478 2631 1541 Homeristae

488 1584 517 1626 e
546 1565 749 1646 quibus
778 1565 933 1626 Aiam
960 1565 1210 1626 vitulum
1249 1564 1471 1626 eliatum
1508 1565 1733 1636 scindit,
1780 1566 1997 1626 dantur
2037 1564 2330 1627 alabastra
2356 1574 2410 1624 et
2434 1584 2630 1645 poma,

490 1652 576 1711 dis
604 1651 788 1712 honor
814 1650 1068 1711 habetur.
1130 1651 1381 1712 61—-63
1411 1649 1647 1728 fabulas
1673 1659 1930 1711 narrant
1952 1649 2190 1712 Niceros
2212 1653 2277 1712 de
2295 1650 2482 1711 milite
2502 1670 2632 1711 mu·

489 1745 606 1797 tato
649 1740 712 1795 in
755 1734 957 1814 lupum
1001 1743 1052 1794 et
1087 1732 1426 1796 Trimalchio
1471 1736 1536 1795 de
1564 1735 1837 1813 striqibus
1880 1745 2140 1814 tactuque
2184 1734 2373 1796 malae
2404 1754 2634 1796 manus.

492 1823 575 1884 64
614 1818 955 1882 Trimalchio
1001 1819 1236 1897 benique
1273 1819 1417 1896 facit
1458 1824 1657 1890 amico,
1705 1819 1918 1881 deliciis
1956 1825 2096 1898 suis,
2141 1824 2274 1882 cani
2312 1821 2635 1890 domestico,

491 1908 687 1967 servis.
766 1906 1013 1968 65-67
1053 1912 1183 1983 post
1225 1913 1465 1966 matteas
1508 1908 1839 1967 comissator
1881 1905 2113 1966 advenit
2154 1905 2463 1967 Habinnas
2507 1925 2634 1966 cum

493 2008 679 2051 umore
722 2009 828 2051 sua
873 1988 1162 2058 Scintilla,
1206 1999 1413 2050 narrat
1457 1994 1554 2051 cui
1591 1991 1943 2069 interfuerat
1985 2009 2211 2062 cenam,
2257 1994 2529 2069 impetrat
2571 2001 2638 2052 ut

492 2074 818 2138 Fortunata
858 2092 1015 2137 umor
1064 2073 1500 2136 Trimalchionis
1560 2074 1851 2136 recumbat
1892 2094 2123 2156 eamque
2174 2077 2239 2137 de
2282 2080 2639 2137 ornamentis

493 2164 612 2222 suis
643 2159 975 2222 collocutam
1003 2178 1131 2221 cum
1155 2158 1421 2221 Scintilla
1450 2163 1707 2221 immittit
1739 2160 1892 2221 lecto.
1949 2163 2192 2224 68—71
2222 2162 2509 2223 secundae
2530 2161 2634 2222 ad-

493 2248 773 2326 seruntur
799 2263 1041 2317 mensae,
1070 2244 1376 2307 Habinnae
1401 2264 1548 2326 puer
1578 2244 1741 2307 ludos
1768 2245 1928 2324 facit,
1952 2257 2087 2327 post
2108 2245 2494 2327 epidipnidem
2523 2265 2637 2307 un·-

494 2343 716 2412 yuntur
759 2335 1032 2393 convivae
1073 2335 1329 2411 servique
1371 2332 1761 2393 admittuntur
1805 2335 1868 2392 in
1898 2331 2237 2404 triclinium,
2290 2330 2636 2393 Trimalchio

496 2427 895 2479 testamentum
915 2436 1087 2479 suum
1107 2420 1353 2478 recitans
1373 2416 1638 2494 familiae
1659 2419 1903 2478 concitat
1921 2416 2409 2480 lamentationem.
2468 2420 2505 2478 7
2511 2418 2637 2478 2—-

500 2507 580 2566 74
610 2507 675 2563 in
720 2502 915 2564 balneo
953 2500 1390 2563 Trimalchionis
1435 2502 1684 2563 discussa
1713 2501 1979 2565 ebrietate
2006 2503 2269 2583 reficitur
2307 2505 2638 2563 convivium

498 2592 563 2648 in
593 2587 708 2649 alio
738 2587 1015 2649 triclinio.
1092 2588 1343 2649 74—78
1372 2590 1609 2649 rimatus
1646 2585 1988 2650 Trimalchio
2032 2607 2162 2650 cum
2204 2606 2394 2649 umore
2435 2606 2544 2648 sua
2575 2588 2641 2647 de

498 2677 618 2734 vita
646 2674 811 2734 domo
852 2671 1122 2752 felicitate
1149 2690 1245 2751 spe
1278 2691 1386 2732 sua
1416 2673 1655 2742 disserit,
1699 2673 1936 2754 denique
1975 2677 2290 2735 cornicines
2325 2673 2439 2733 sibi
2464 2673 2638 2751 fune·

500 2758 623 2818 bres
663 2758 854 2819 modos
898 2759 1149 2818 incinere
1191 2755 1369 2828 iubet,
1415 2777 1529 2838 qua
1569 2776 1634 2819 re
1674 2758 1932 2820 tumultu
1968 2760 2124 2838 facto
2153 2757 2466 2837 Encolpius
2509 2777 2640 2820 cum

501 2842 719 2921 Ascylto
749 2853 803 2903 et
837 2840 1037 2902 Gitone
1065 2842 1283 2922 effuqit.

672 2927 753 2988 79
787 2929 867 2990 80
913 2928 1143 2987 domum
1182 2927 1372 2988 redum
1398 2926 1707 3006 Encolpius
1745 2928 1881 2988 dum
1918 2939 2088 2988 noctu
2133 2928 2342 2988 dormit
2370 2946 2505 2989 cum
2540 2926 2643 2988 Gi-

501 3021 652 3082 tone,
693 3010 1027 3073 subducitur
1048 3030 1200 3091 puer
1227 3012 1297 3073 ab
1328 3012 1567 3091 Ascylto,
1615 3015 1803 3093 itaque
1836 3016 2163 3074 communia
2192 3016 2391 3076 omnia
2419 3012 2644 3075 sodales

504 3095 818 3158 dissolvunt
860 3108 913 3159 et
945 3096 1117 3159 Giton
1145 3096 1412 3175 Ascylton
1445 3097 1599 3175 eliyit
1627 3116 1790 3176 quem
1819 3107 2104 3178 sequatur.
2168 3099 2243 3162 81
2276 3098 2356 3161 82
2388 3098 2644 3160 desertus

503 3181 808 3263 Encolpius
836 3193 1047 3244 maeret
1074 3187 1139 3244 in
1167 3182 1489 3254 solitudine,
1521 3183 1718 3243 deinde
1748 3184 2019 3264 efferatus
2040 3184 2261 3245 caedem
2291 3185 2520 3243 inimici
2548 3201 2644 3243 co-

501 3272 646 3347 yitat
683 3268 780 3329 sed
820 3268 1046 3329 delusus
1086 3287 1122 3329 a
1149 3267 1330 3329 milite
1358 3286 1526 3328 arma
1547 3272 1730 3347 ponit.
1794 3269 1872 3331 83
1908 3268 1987 3331 84
2027 3271 2092 3329 in
2114 3268 2482 3348 pinacotheca
2513 3287 2643 3329 cum

496 3358 679 3433 pictos
714 3362 971 3415 amantes
1012 3355 1427 3425 consideraret,
1474 3353 1682 3414 accedit
1723 3353 1798 3413 ad
1830 3372 1960 3414 eum
1988 3352 2308 3433 Eumolpus
2341 3364 2516 3432 poeta
2546 3356 2649 3434 qui

499 3449 892 3519 paupertatem
946 3457 1112 3499 suam
1170 3455 1365 3499 amore
1408 3437 1735 3499 litterarum
1790 3440 2057 3500 vindicat.
2135 3439 2386 3503 85—87
2433 3449 2646 3501 narrat

506 3523 819 3603 Eumolpus
861 3543 969 3603 quo
1010 3524 1177 3585 modo
1219 3521 1490 3601 Peryami
1529 3522 1730 3605 ephebo
1774 3527 1917 3585 satis
1958 3524 2161 3602 fecerit
2202 3525 2461 3603 formoso
2505 3524 2648 3604 fidei

504 3627 641 3669 suae
667 3610 957 3671 mandato.
1019 3610 1269 3673 88-90
1300 3611 1599 3687 quaeritur
1621 3626 1726 3670 cur
1746 3612 1978 3688 pictura
1998 3617 2255 3689 artesque
2276 3618 2492 3670 ceterae
2507 3627 2647 3689 per-

507 3696 709 3763 ierint,
760 3698 1040 3773 pecuniae
1093 3693 1528 3774 reprehenditur
1584 3695 1890 3773 cupiditas,
1947 3694 2203 3755 tabulam
2246 3713 2390 3774 quae
2441 3692 2645 3755 Troiae

507 3777 734 3837 halosin
764 3779 1001 3840 ostendit
1029 3782 1249 3857 trayico
1272 3778 1588 3858 Eumolpus
1616 3782 1871 3840 carmine
1900 3780 2192 3859 eaplanat,
2224 3778 2485 3857 lapidum
2516 3783 2647 3840 icti-

511 3861 612 3922 bus
647 3862 960 3941 profuyere
999 3882 1028 3924 e
1053 3867 1279 3944 porticu
1321 3868 1558 3942 coyitur.
1620 3864 1693 3926 91
1733 3865 1814 3926 92
1858 3869 1922 3927 in
1967 3864 2163 3926 balneo
2203 3875 2495 3944 repertum
2525 3863 2643 3924 En-

509 3946 728 4027 colpius
760 3946 969 4009 Gitona
1001 3951 1064 4008 in
1091 3948 1400 4029 hospitium
1439 3968 1613 4009 suum
1634 3951 1925 4028 perducit,
1967 3968 2242 4029 quaerens
2275 3948 2490 4011 Gitona
2517 3968 2646 4010 cum

509 4036 854 4094 vestimentis
883 4033 1132 4112 Ascyltos
1159 4037 1377 4094 invenit
1404 4043 1737 4095 amatorem.
1812 4035 1892 4098 93
1918 4037 2007 4097 '94
2035 4054 2234 4097 versus
2274 4053 2517 4097 rursum
2545 4035 2644 4113 sa-
