2881 4580
501 847 1524 1002 TESTAMENTVM
1566 901 2213 1004 roseum

455 1208 813 1274 Hieronymus
847 1210 906 1257 in
937 1206 1282 1273 praefatione
1318 1209 1447 1259 libr-z·
1467 1208 1571 1259 XI!
1604 1209 2109 1258 commentariorum
2143 1209 2203 1256 in
2225 1207 2425 1262 Isaiam

277 1312 334 1360 p.
360 1294 462 1346 493
491 1295 629 1347 Vall.
664 1292 837 1345 nullus
877 1298 978 1344 tam
1013 1293 1279 1360 imperitus
1315 1294 1534 1359 scriptor
1558 1297 1638 1344 est
1674 1292 1759 1358 qui
1791 1291 2036 1344 lectorem
2061 1301 2164 1344 non
2199 1293 2426 1346 inveniat

282 1379 502 1431 similem
528 1380 623 1442 sui,
646 1378 926 1445 »multoque
952 1392 1068 1443 pars
1094 1380 1253 1430 maior
1272 1382 1356 1430 est
1380 1376 1606 1430 Milesias
1631 1376 1847 1428 fabellas
1870 1377 2244 1430 revolventium
2271 1393 2423 1443 quam

282 1464 514 1517 piatonis
548 1464 724 1515 libros.
795 1464 847 1513 in
882 1463 1043 1515 altero
1085 1464 1218 1515 enim
1253 1462 1405 1518 ludus
1443 1468 1495 1515 et
1525 1462 1810 1515 oblectatio
1845 1467 1951 1527 est,
1993 1463 2054 1513 ‚in
2087 1463 2254 1515 altero
2287 1462 2425 1514 diffi-

281 1552 449 1603 cultas
491 1557 544 1604 et
576 1549 735 1602 sudor
778 1549 967 1601 mixtus
1003 1549 1185 1601 labori.
1263 1549 1486 1617 denique
1521 1548 1788 1601 Timaeum
1832 1546 1898 1599 de
1945 1548 2116 1601 muudi
2149 1547 2424 1601 -harmonia

280 1643 636 1704 astrorumque
681 1651 830 1688 cursu
881 1643 933 1687 et
986 1636 1209 1687 numeris
1250 1634 1599 1701 disputantem
1646 1634 1757 1701 ipse
1808 1634 2300 1702 quiinterpretatus
2344 1641 2425 1686 est

281 1722 482 1774 'cullius
517 1739 574 1775 se
609 1738 711 1774 non
749 1721 1047 1787 intellegere
1071 1720 1382 1786 confltetur,
1404 1725 1781 1774 destamentum
1817 1719 2236 1773 autem-Grunnii
2272 1721 2424 1773 Coro-

282 1813 452 1861 cottae
488 1809 698 1875 porcelli
734 1808 1009 1859 decantant
1043 1808 1094 1858 in
1133 1807 1326 1859 scholis
1362 1823 1634 1873 puerorum
1670 1808 1869 1874 agmina
1908 1806 2332 1859 cachinnantium.

451 1895 591 1946 idem
637 1899 824 1945 contra
861 1894 1115 1956 Rufinum
1161 1895 1190 1944 Ι
1223 1895 1286 1945 17
1318 1911 1373 1960 p.
1410 1886 1540 1946 473:
1588 1895 1732 1961 quasi
1779 1910 1879 1945 non
1930 1894 2227 1945 cirratorum
2277 1894 2422 1944 turba

281 1978 592 2031 Milesiarum
630 1980 682 2030 in
722 1979 911 2031 scholis
934 1979 1187 2045 «figmenta
1214 1979 1468 2030 *decentet
1515 1983 1571 2029 et
1593 1982 1968 2029 .testamentum
2004 1978 2113 2029 suis
2136 1978 2421 2029 Bessorum

282 2066 531 2117 cachinno
566 2066 790 2117 membra
838 2066 1097 2116 concutiat
1141 2071 1294 2131 atque
1328 2065 1463 2116 inter
1503 2078 1787 2116 scurrarum
1843 2065 2024 2130 epulas
2069 2078 2236 2129 nugae
2276 2065 2426 2116 istius

279 2151 417 2202 modi
455 2150 853 2219 frequententur.

449 2446 663 2526 Incipit
694 2453 1107 2506 testamentum
1141 2443 1407 2524 porcelli.

442 2532 526 2593 M.
552 2531 859 2595 Grunnius
890 2530 1203 2592 Corocotta
1238 2527 1536 2609 porcellus
1567 2536 1980 2593 testamentum
2013 2529 2169 2589 fecit.
2229 2548 2425 2608 quon-

281 2618 392 2678 iam
422 2635 605 2677 manu
635 2635 763 2676 mea
796 2616 1059 2676 scribere
1092 2635 1212 2676 non
1245 2614 1435 2694 potui,
1469 2613 1850 2674 scribendum
1881 2613 2111 2673 dictavi.

453 2703 709 2781 Magirus
739 2720 919 2762 cocus
949 2701 1093 2761 dixit
1136 2701 1299 2763 ‘veni
1331 2701 1467 2773 huc,
1514 2717 1752 2759 eversor
1795 2699 1971 2772 domi,
2018 2699 2425 2773 solivertiator‚

203 2802 234 2850 5
281 2788 521 2867 fugitive
553 2788 832 2867 porcelle‚
879 2799 937 2848 et
966 2786 1140 2851 hodie
1170 2787 1276 2849 tibi
1317 2786 1527 2851 dirimo
1560 2784 1772 2845 vitam’.
1848 2784 2161 2846 Corocotta
2190 2786 2424 2863 porcel-

282 2876 373 2935 lus
402 2873 547 2934 dixit
577 2875 652 2934 ‘si
685 2892 799 2952 qua
830 2873 963 2942 feci,
995 2873 1045 2934 si
1076 2891 1191 2952 qua
1222 2871 1481 2952 peccavi,
1509 2871 1559 2937 si
1593 2888 1708 2948 qua
1738 2871 1983 2941 vascella
2006 2871 2427 2950 pedibusmeis

283 2960 572 3037 confregi,
603 2977 768 3037 rogo,
801 2959 1038 3019 domine
1063 2977 1224 3033 coce,
1256 2959 1427 3018 vitam
1456 2965 1612 3036 peto,
1642 2955 1904 3017 concede
1927 2957 2198 3035 roganti’.
2244 2958 2425 3036 Magi-

283 3064 386 3106 rus
409 3063 588 3105 cocus
612 3043 757 3103 dixit
779 3044 1000 3116 ‘transi‚
1025 3063 1191 3124 puer,
1216 3045 1361 3103 affer
1384 3043 1524 3103 mihi
1549 3043 1621 3103 de
1641 3042 1850 3103 cocina
1873 3043 2145 3116 cultrum,
2177 3052 2245 3103 ut
2266 3044 2427 3104 hunc

282 3130 610 3210 porcellum
636 3129 842 3189 faciam
869 3130 1220 3190 cruentum’.
1257 3127 1556 3209 porcellus
1579 3128 2150 3207 comprehenditura
2176 3128 2424 3201 famuliS‚

177 3229 236 3278 10
279 3216 491 3276 ductus
521 3214 632 3276 sub
665 3215 757 3274 die
788 3213 911 3273 XVI
945 3215 1055 3274 kal.
1086 3215 1445 3287 lucerninaS‚
1491 3213 1592 3275 ubi
1624 3212 1929 3274 abundant
1964 3232 2183 3294 cymae,
2231 3213 2424 3274 Cliba-

283 3311 423 3361 nato
469 3311 526 3361 et
574 3301 842 3379 piperato
893 3300 1256 3360 consulibus.
1357 3310 1415 3359 et
1461 3309 1527 3360 ut
1580 3299 1721 3359 vidit
1762 3318 1825 3359 se
1883 3299 2229 3360 moriturum
2276 3318 2425 3371 esse,

282 3388 464 3448 horae
495 3386 746 3465 spatium
778 3384 946 3464 petiit
975 3395 1033 3445 et
1055 3404 1264 3446 cocum
1297 3385 1523 3464 rogavit
1544 3394 1609 3445 ut
1630 3393 2045 3445 testamentum
2070 3386 2263 3446 facere
2287 3404 2425 3464 pos-

283 3481 390 3533 set.
464 3473 729 3532 clamavit
759 3472 827 3530 ad
861 3490 924 3531 se
955 3489 1095 3532 suos
1125 3481 1422 3551 parenteS‚
1469 3479 1534 3531 ut
1564 3469 1636 3530 (le
1668 3469 1905 3532 cibariis
1935 3471 2057 3532 suis
2084 3471 2303 3549 aliquid
2336 3471 2424 3532 di-

283 3558 544 3618 mitteret
574 3559 674 3618 eis,
737 3557 837 3636 qui
870 3556 978 3617 ait:

308 3764 317 3770 2
356 3787 363 3791 .
457 3728 676 3777 Praeter
710 3727 874 3775 libros
921 3726 1110 3789 quibus
1144 3725 1410 3790 Hauptius
1452 3740 1582 3774 usus
1630 3728 1708 3774 est
1750 3739 1870 3774 cum
1913 3728 2279 3775 testamentum
2326 3727 2426 3776 Ιιοο

285 3796 590 3845 emendaret
631 3793 894 3857 (Berolini
937 3809 1060 3842 vere
1107 3795 1238 3842 anni
1275 3793 1457 3857 1860),
1501 3796 1647 3843 inter
1692 3809 1823 3858 quos
1864 3793 1910 3843 P
1945 3792 2137 3843 scheda
2175 3794 2424 3844 Parisina

284 3866 487 3928 scripta
522 3862 704 3923 fertur
735 3863 948 3912 saeculo
975 3861 1063 3925 ΙΧ,
1100 3860 1319 3911 collatos
1356 3863 1521 3911 habui
1554 3862 1620 3912 ab
1649 3861 1876 3911 Holdero
1904 3861 2107 3911 codices
2127 3861 2176 3912 B
2196 3861 2425 3913 Bruoeel·

285 3933 477 3982 lensem
513 3930 648 3982 5503
682 3946 816 3982 saec.
853 3929 930 3980 XI
964 3935 1015 3980 et
1048 3930 1102 3978 H
1130 3930 1415 3994 Haganum
1453 3931 1552 3980 154
1585 3932 1609 3978 z·
1642 3945 1778 3980 saec.
1813 3928 1929 3980 XII.
2007 3929 2250 3980 Danieli-5
2283 3932 2424 3980 sche-

285 4002 408 4052 dam
445 4001 758 4050 Bernensem
794 3998 843 4047 D
880 3999 1106 4050 contulit
1137 3998 1391 4062 Hagenus
1425 3997 1695 4062 Philologi
1731 3999 1831 4059 vol.
1868 3997 2044 4048 XXXI
2054 4014 2112 4064 p.
2142 3997 2254 4050 182.

455 4071 488 4119 4
522 4067 702 4120 domus
738 4067 844 4116 ΠΗ
866 4068 874 4133 Ι
907 4067 1154 4119 versiator
1189 4066 1287 4119 soli
1323 4068 1377 4116 H
1390 4065 1412 4135 ΙΙ
1444 4068 1505 4120 13
1542 4067 1747 4118 vocavit
1783 4066 1845 4117 ad
1882 4081 1937 4117 se
1979 4066 2027 4116 H

388 4159 587 4202 Petronii
613 4159 780 4202 satirae
811 4159 882 4203 ed.
912 4159 972 4200 111
1432 4182 1435 4187 ‹
1953 4153 2015 4203 16
