2881 4580
1000 318 1617 373 APOCOLOCYNTOSIS
2259 318 2382 378 229

545 493 769 554 detinet
797 492 1055 554 intentas
1087 503 1265 554 cantu
1296 492 1558 571 fallitque
1589 491 1868 554 laborem.

545 579 804 657 dumque
836 578 1014 639 nimis
1042 577 1324 639 citharam
1356 578 1736 656 fraternaque
1767 579 2029 639 carmina
2061 579 2318 652 laudant,

545 665 679 744 plus
708 662 881 725 solito
915 681 1129 724 nevere
1161 681 1371 724 manus
1401 664 1776 742 humanaque
1807 663 1922 724 fata

544 748 841 810 laudatum
874 747 1244 809 transcendit
1274 767 1443 828 opus.
1505 752 1603 808 ‘ne
1633 748 1868 821 demite,
1904 748 2137 809 Parcae'

150 847 183 895 5
548 832 824 895 Phoebus
854 833 933 893 ait
963 834 1177 894 ‘vincat
1209 833 1470 894 mortalis
1499 843 1765 912 tempora
1796 834 1946 894 vitae

547 919 642 980 ille
673 918 813 979 mibi
846 918 1051 980 similis
1077 918 1243 980 vultu
1274 918 1599 997 similisque
1630 917 1846 979 decore

549 1022 659 1065 nec
689 1013 871 1064 cantu
903 1022 1015 1065 nec
1042 1022 1186 1064 voce
1217 1004 1434 1064 minor.
1497 1004 1686 1064 felicia
1718 1003 1883 1066 lassis

546 1089 778 1151 saecula
809 1088 1131 1169 praestabit
1160 1088 1736 1168 legumquesilentia
1768 1097 2023 1169 rumpet.

546 1175 734 1254 qualis
765 1174 1090 1236 discutiens
1119 1174 1404 1254 fugientia
1434 1173 1678 1236 Lucifer
1703 1184 1856 1236 astra

125 1271 185 1322 10
545 1269 645 1320 aut
664 1259 864 1339 'qualis
893 1260 1082 1339 surgit
1109 1259 1499 1321 redeuntibus
1529 1258 1831 1339 Hesperus
1860 1260 2050 1331 astris,

547 1343 733 1423 qualis
766 1363 899 1405 cum
932 1345 1187 1424 primum
1219 1343 1485 1406 tenebris
1515 1346 1742 1405 Aurora
1773 1344 1981 1406 solutis

545 1430 775 1491 induxit
804 1429 1136 1491 rubicunda
1167 1430 1339 1501 diem,
1371 1429 1475 1490 Sol
1504 1430 1712 1509 aspicit
1741 1429 1947 1490 orbem

545 1515 777 1577 lucidus
808 1528 866 1576 et
894 1516 1120 1594 primos
1149 1535 1182 1576 a
1212 1532 1452 1576 carcere
1481 1515 1739 1576 concitat
1768 1533 1934 1576 axes:

546 1600 676 1661 talis
708 1599 919 1662 Caesar
948 1601 1129 1675 adest,
1161 1599 1336 1661 talem
1366 1600 1483 1660 iam
1512 1599 1696 1660 Roma
1724 1600 2023 1662 Neronem

129 1698 188 1748 15
546 1685 807 1765 aspiciet.
869 1686 1078 1764 flagrat
1108 1686 1326 1747 nitidus
1358 1685 1588 1765 fulgore
1621 1685 1864 1748 remisso

543 1771 739 1832 vultus
770 1779 830 1832 et
857 1770 1064 1833 adfuso
1098 1772 1292 1832 cervix
1322 1771 1578 1832 formosa
1610 1770 1863 1851 capillo!

238 1854 385 1915 haec
418 1856 646 1933 Apollo.
707 1864 766 1916 at
794 1855 1104 1930 LachesiS‚
1151 1875 1302 1935 quae
1331 1865 1393 1917 et
1421 1856 1548 1935 ipsa
1589 1856 1815 1918 homini
1848 1853 2270 1916 formosissimo
2303 1854 2389 1913 fa·-

236 1948 433 2012 veret,
480 1941 617 2002 fecit
647 1940 833 2017 [illud]
863 1941 1037 2021 plena
1075 1959 1285 2014 manu,
1331 1951 1392 2001 et
1421 1942 1644 2002 Neroni
1685 1941 1903 2002 multos
1931 1959 2123 2002 annos
2165 1939 2238 2000 de
2279 1957 2389 2000 suo

239 2025 441 2086 donat.
503 2025 808 2088 Claudium
839 2036 1037 2088 autem
1067 2025 1277 2087 iubent
1303 2044 1515 2088 omnes

134 2125 193 2175 20
542 2114 916 2195 χαίροντας,
948 2103 1408 2197 εὐφημοῦντας
1440 2106 1807 2191 ἐκπέμπειν
1839 2106 2084 2191 δόμων.

241 2205 301 2257 et
332 2195 430 2256 ille
460 2197 699 2274 quidem
729 2198 982 2257 animam
1014 2196 1272 2269 ebulliit,
1312 2205 1372 2257 et
1401 2214 1472 2256 ex
1505 2214 1576 2257 eo
1607 2196 1779 2257 desiit
1805 2196 1997 2257 vivere
2025 2191 2227 2255 videri.
2288 2212 2390 2255 ex-

242 2281 454 2363 piravit
475 2290 669 2343 autem
716 2283 856 2344 dum
887 2281 1204 2345 comoedos
1234 2282 1425 2356 audit,
1473 2292 1540 2343 ut
1568 2281 1718 2344 scias
1762 2300 1856 2343 me
1889 2301 2009 2343 non
2057 2279 2186 2342 sine
2217 2296 2400 2347 causa

242 2368 374 2428 illos
405 2368 633 2429 timere.
693 2368 897 2429 ultima
926 2387 1036 2429 vox
1066 2369 1193 2429 eius
1223 2368 1369 2428 haec
1398 2368 1556 2429 inter
1584 2367 1857 2428 homines
1885 2367 2078 2428 audita
2110 2374 2217 2436 est,
2253 2381 2391 2425 cum

245 2453 525 2513 maiorem
570 2454 832 2514 sonitum
877 2454 1164 2515 emisisset
1207 2453 1304 2513 illa
1349 2464 1548 2533 parte,
1592 2471 1707 2532 qua
1739 2452 1966 2513 facilius
2007 2450 2389 2530 loquebatur:

136 2550 196 2602 25
244 2544 366 2599 ‘vae
399 2556 523 2611 me,
569 2548 746 2618 puto,
792 2539 1102 2601 concacavi
1132 2537 1268 2599 me’.
1330 2538 1492 2617 quod
1522 2556 1594 2598 an
1628 2538 1865 2609 fecerit,
1911 2538 2142 2598 nescio:
2193 2535 2391 2596 omnia

245 2632 406 2685 certe
437 2624 793 2684 concacavit.

416 2726 566 2786 quae
610 2710 669 2769 in
714 2709 886 2770 terris
927 2718 1128 2788 postea
1173 2707 1293 2770 sint
1334 2718 1492 2780 acta,
1539 2726 1970 2789 supervacuum
2013 2714 2105 2768 est
2146 2706 2387 2766 referre.
2433 2707 2473 2768 5

245 2793 406 2855 scitis
451 2794 609 2855 enim
659 2794 908 2873 optime,
970 2812 1081 2854 nec
1127 2793 1458 2873 periculum
1506 2802 1595 2855 est
1640 2812 1716 2853 ne
1761 2792 2033 2854 excidant
2074 2790 2395 2852 memoriae

245 2896 395 2957 quae
439 2879 714 2957 gaudium
748 2878 1050 2957 publicum
1081 2878 1478 2958 impresserit:
1527 2897 1702 2939 nemo
1734 2878 2027 2939 felicitatis
2068 2895 2208 2938 suae
2240 2874 2395 2937 obli-

136 2976 197 3026 30
243 2963 505 3025 viscitur.
566 2964 627 3023 in
661 2965 823 3024 caelo
869 2982 1019 3043 quae
1049 2972 1177 3024 acta
1213 2964 1362 3035 sint,
1407 2964 1633 3024 audite:
1677 2964 1822 3025 fides
1862 2981 2049 3044 penes
2090 2970 2395 3023 auctorem

242 3048 375 3110 erit.
436 3048 745 3110 nuntiatur
774 3049 892 3110 Iovi
939 3049 1171 3110 venisse
1202 3049 1499 3128 quendam
1544 3048 1735 3110 bonae
1777 3057 2066 3121 staturae,
2110 3046 2265 3107 bene
2296 3066 2396 3108 ca·
2442 3085 2448 3091 ·

247 3151 421 3206 num;
460 3135 663 3195 nescio
695 3134 833 3212 quid
867 3133 1031 3194 illum
1063 3134 1297 3206 minari,
1329 3134 1562 3195 assidue
1593 3134 1751 3195 enim
1783 3143 1962 3214 caput
1990 3150 2257 3205 movere3
2290 3151 2395 3213 pe-

243 3220 375 3279 dem
408 3220 678 3280 dextrum
703 3220 958 3280 trahere.
1012 3219 1307 3297 quaesisse
1338 3238 1420 3293 se,
1453 3220 1622 3281 cuius
1647 3219 1906 3280 nationis
1929 3228 2111 3279 esset:
2146 3236 2394 3296 respon-

243 3304 399 3365 disse
430 3304 630 3366 nescio
678 3304 816 3383 quid
850 3303 1197 3383 perturbato
1229 3322 1378 3365 sono
1423 3314 1484 3365 et
1510 3322 1655 3366 voce
1688 3305 1962 3378 confusa3
2008 3322 2130 3364 non
2163 3302 2395 3364 intelle-

135 3399 195 3449 35
239 3408 382 3468 gere
413 3408 475 3450 se
508 3389 770 3468 linguam
798 3390 944 3464 eius,
978 3407 1090 3450 nec
1116 3388 1404 3449 Graecum
1439 3408 1568 3450 esse
1593 3408 1704 3451 nec
1728 3389 2059 3450 Romanum
2086 3405 2196 3449 nec
2219 3387 2397 3448 ullius

243 3475 439 3555 gentis
483 3484 673 3535 notae.
737 3484 862 3535 tum
894 3474 1160 3553 Iuppiter
1192 3473 1540 3546 Herculem,
1586 3475 1687 3554 qui
1728 3484 1918 3536 totum
1961 3473 2165 3535 orbem
2208 3482 2396 3534 terra-

241 3578 373 3623 rum
406 3570 810 3639 pererraverat
852 3569 910 3619 et
951 3578 1129 3621 nosse
1170 3559 1477 3620 videbatur
1516 3578 1725 3621 omnes
1771 3560 2071 3632 nationeS‚
2114 3556 2280 3619 iubet
2308 3558 2398 3619 ire

243 3653 304 3706 et
327 3645 653 3724 explorare,
686 3663 939 3724 quorum
964 3644 1269 3705 hominum
1297 3653 1473 3706 esset.
1518 3655 1641 3706 tum
1668 3644 1953 3707 Hercules
1976 3645 2168 3724 primo
2192 3661 2397 3722 aspec-

242 3740 308 3791 tu
338 3748 483 3792 sane
512 3731 892 3809 perturbatus
922 3740 1042 3803 est,
1088 3740 1153 3790 ut
1183 3729 1284 3807 qui
1317 3730 1491 3790 etiam
1525 3750 1645 3792 non
1690 3730 1888 3791 omnia
1925 3739 2189 3791 monstra
2218 3729 2397 3789 timu-

138 3824 196 3877 40
242 3816 372 3877 erit.
449 3825 513 3877 ut
551 3815 693 3876 vidit
736 3816 871 3877 novi
915 3815 1149 3895 generis
1192 3814 1430 3887 faciem,
1479 3815 1779 3877 insolitum
1813 3815 2143 3888 incessum,
2189 3831 2397 3875 vocem

248 3954 387 4000 tasso
418 3948 544 3999 vitta
583 3948 783 4014 canosu
812 3951 875 4001 19
915 3947 1149 3999 homines
1185 3947 1579 4015 Mommsenusu
1608 3950 1673 4000 20
1709 3965 2020 4015 χαιρονταις
2052 3961 2402 4015 ευφημοιταις

246 4016 391 4068 undo
432 4020 711 4085 χαίροντες
745 4010 1109 4084 εὐφημοῦντες
1149 4015 1436 4078 Teuffelius
1460 4015 1479 4083 ΙΙ
1519 4018 1584 4069 28
1622 4032 1754 4082 quae
1789 4017 2063 4069 memoriae
2098 4015 2340 4083 gaudium
2376 4012 2397 4079 ΙΙ

250 4087 316 4137 39
353 4099 454 4136 non
491 4084 681 4149 omnia]
717 4098 849 4135 nova
892 4084 1119 4135 Orellius
1151 4084 1371 4149 (addens
1405 4087 1569 4136 etiam
1604 4084 1831 4149 iunonis)
