2881 4580
443 291 523 350 74
1362 288 1672 342 PETRONII

438 461 838 543 confugiunt?
869 470 927 523 at
956 463 1113 524 enim
1144 462 1315 524 amici
1346 464 1590 523 fuerunt
1622 462 1828 524 nostri.
1887 482 1957 524 eo
1989 463 2209 523 maiora
2241 471 2662 524 merueruntL

438 549 759 630 supplicia;
789 568 926 610 nam
958 548 1060 628 qui
1105 548 1341 628 ignotos
1370 548 1579 623 laedit,
1622 548 1769 609 latro
1801 548 2161 627 appellatur,
2207 548 2309 627 qui
2347 548 2594 623 amicos,

441 636 618 716 paulo
665 634 860 696 minus
906 652 1083 712 quam
1129 632 1461 714 parricida’.
1520 634 1761 695 resolvit
1789 633 2115 712 Eumolpos
2157 643 2275 693 tam
2322 633 2591 712 iniquam

440 720 921 782 declamationem
956 727 1014 779 et
1045 718 1363 798 ‘intellego'
1395 719 1591 796 inquit
1620 718 1788 779 ‘nihil
1818 720 2002 798 magis
2032 719 2243 781 obesse
2273 719 2591 781 iuvenibus

438 806 686 878 miseriS,
718 824 896 884 quam
929 805 1085 882 quod
1119 815 1294 866 nocte
1323 803 1732 884 deposuerunt
1763 804 2029 885 capillos:
2078 804 2193 865 hoc
2237 814 2594 883 argumento
2640 818 2671 865 5

439 891 713 952 incidisse
744 890 1016 951 videntur
1045 889 1108 949 in
1143 908 1379 964 navem,
1427 909 1548 950 non
1593 889 1843 951 venisse.
1905 891 2061 969 quod
2093 889 2265 950 velim
2295 898 2413 950 tam
2444 908 2594 951 can-

438 977 573 1038 dide
616 977 686 1037 ad
732 994 905 1036 aures
947 982 1170 1036 vestras
1213 975 1550 1054 perveniat;
1600 993 1775 1053 quam
1818 974 2162 1055 simpliciter
2204 985 2436 1054 gestum
2480 984 2592 1037 est.

438 1062 755 1123 voluerunt
784 1061 942 1121 enim
973 1069 1287 1139 antequam
1320 1060 1825 1133 conscenderent,
1872 1078 2196 1121 exonerare
2240 1060 2427 1138 capita
2459 1079 2592 1122 mo-

436 1148 586 1209 lesto
616 1157 674 1206 et
702 1164 1065 1226 supervacuo
1112 1145 1406 1225 pondere,
1451 1146 1551 1208 sed
1597 1146 1850 1207 celerior
1891 1157 2102 1206 ventus
2146 1145 2371 1206 distulit
2413 1165 2592 1207 cura-

436 1233 617 1294 tionis
645 1231 1038 1313 propositum.
1102 1250 1212 1292 nec
1242 1240 1437 1292 tamen
1486 1239 1843 1310 putaverunt
1871 1231 1940 1291 ad
1975 1249 2098 1291 rem
2130 1231 2453 1309 pertinere,
2486 1231 2590 1292 ubi
2639 1243 2700 1294 10

437 1318 801 1397 inciperent,
848 1317 1005 1396 quod
1050 1316 1349 1396 placuerat
1391 1325 1459 1377 ut
1486 1318 1686 1388 fieret,
1734 1316 1867 1395 quia
1904 1334 2013 1377 nec
2045 1335 2219 1377 omen
2255 1334 2365 1377 nec
2395 1317 2589 1394 legem

438 1403 838 1482 navigantium
885 1402 1211 1463 noverant'.
1273 1402 1452 1481 ‘quid'
1498 1402 1693 1480 inquit
1736 1401 1948 1462 Lichas
1993 1402 2249 1463 ‘attinuit
2291 1402 2591 1481 supplices

437 1486 689 1550 radere?
748 1488 860 1550 nisi
905 1488 1057 1548 forte
1100 1486 1557 1548 miserabiliores
1602 1486 1745 1548 calvi
1789 1486 1983 1547 solent
2025 1505 2172 1548 esse.
2232 1505 2591 1566 quamquam

438 1574 578 1653 quid
609 1574 818 1636 attinet
861 1573 1164 1634 veritatem
1194 1591 1302 1651 per
1343 1572 1733 1651 interpretem
1765 1569 2094 1651 quaerere?
2140 1572 2278 1651 quid
2324 1571 2471 1634 dicis
2502 1581 2588 1645 tu,

435 1657 634 1721 latro?
679 1677 828 1738 quae
874 1657 1237 1718 salamandra
1281 1657 1595 1736 supercilia
1641 1666 1741 1719 tua
1772 1655 2032 1719 exussit?
2078 1659 2173 1718 cui
2220 1657 2330 1719 deo
2362 1659 2591 1719 crinem
2641 1668 2700 1718 15

435 1742 680 1806 vovisti?
709 1744 1025 1822 pharmace
1040 1787 1056 1815 ,
1088 1742 1423 1823 responde!

271 1832 393 1895 108
610 1828 1031 1907 obstupueram
1062 1846 1171 1908 ego
1202 1827 1477 1907 supplicii
1510 1836 1671 1888 metu
1695 1827 1957 1907 pavidus,
1989 1846 2102 1888 nec
2124 1828 2264 1906 quid
2288 1828 2351 1889 in
2375 1847 2441 1889 re
2466 1846 2590 1888 ma-

436 1914 806 1976 nifestissima
837 1913 1125 1989 dicerem,
1156 1911 1528 1974 inveniebam
1559 1912 1834 1974 turbatus

436 2010 496 2061 et
539 1998 818 2061 deformis
861 2007 1100 2078 praeter
1144 1999 1375 2077 spoliati
1408 1999 1616 2077 capitis
1645 1997 1900 2059 dedecus
1930 1997 2382 2079 superciliorum
2413 1999 2589 2059 etiam

435 2083 693 2163 aequalis
737 2103 869 2145 cum
915 2085 1112 2145 fronte
1157 2084 1443 2154 calvities,
1504 2092 1570 2144 ut
1616 2083 1763 2144 nihil
1807 2102 1918 2144 nec
1963 2084 2154 2143 facere
2198 2084 2437 2145 deceret
2482 2102 2593 2144 nec
2638 2092 2699 2145 20

437 2171 651 2232 dicere.
711 2179 779 2229 ut
809 2187 945 2230 vero
977 2170 1227 2249 spongia
1258 2171 1369 2231 uda
1400 2169 1582 2230 facies
1614 2169 1902 2248 plorantis
1931 2169 2161 2230 detersa
2192 2178 2283 2230 est
2311 2178 2371 2230 et
2399 2168 2591 2247 lique-

436 2258 653 2318 factum
687 2274 796 2336 per
824 2264 1013 2318 totum
1048 2275 1115 2318 os
1144 2263 1537 2317 atramentum
1573 2254 1768 2316 omnia
1812 2253 2037 2316 scilicet
2065 2253 2421 2316 lineamenta
2451 2254 2589 2316 fuli-

436 2343 607 2422 ginea
652 2342 811 2404 nube
855 2342 1154 2415 confudit,
1202 2342 1264 2402 in
1313 2342 1512 2402 odium
1559 2359 1623 2401 se
1667 2342 1751 2401 ira
1784 2340 2089 2402 convertit.
2151 2351 2327 2420 negat
2344 2341 2589 2401 Eumol-

435 2447 548 2509 pus
603 2446 911 2506 passurum
969 2446 1062 2500 se,
1125 2435 1191 2489 ut
1245 2427 1557 2506 quisquam
1612 2426 1906 2505 ingenuos
1962 2434 2169 2487 contra
2225 2427 2313 2487 sas
2368 2427 2590 2507 legem-

434 2532 552 2592 que
597 2514 990 2586 contaminet,
1049 2512 1504 2591 interpellatque
1548 2511 1932 2572 saevientium
1990 2511 2180 2572 minas
2225 2530 2350 2572 non
2396 2512 2589 2573 solum
2635 2520 2693 2572 25

431 2617 576 2660 voce
637 2598 737 2659 sed
797 2599 971 2658 etiam
1029 2595 1322 2659 manibus.
1412 2598 1614 2657 aderat
1681 2595 2084 2675 interpellanti
2138 2598 2587 2659 mercennarius

436 2702 635 2745 comes
679 2692 739 2744 et
792 2702 951 2744 unus
1009 2683 1274 2761 alterque
1333 2682 1769 2743 infirmissimus
1826 2688 2060 2755 vector,
2127 2683 2341 2744 solacia
2401 2684 2587 2763 magis

436 2770 551 2830 litis
595 2786 771 2846 quam
818 2768 1028 2828 virium
1074 2767 1319 2841 auxilia,
1392 2786 1506 2828 nec
1548 2768 1865 2846 quicquam
1913 2786 2024 2846 pro
2067 2785 2163 2827 me
2208 2767 2586 2847 deprecabar,

434 2853 538 2915 sed
583 2854 887 2914 intentans
931 2853 991 2913 in
1041 2853 1244 2914 oculos
1274 2853 1658 2932 Tryphaenae
1704 2871 1915 2914 manus
1960 2871 2204 2913 usurum
2238 2872 2333 2914 me
2363 2852 2589 2915 viribus

433 2938 581 2999 meis
613 2937 766 2998 clara
798 2936 1102 3017 liberaque
1154 2957 1294 2999 voce
1340 2938 1614 3010 clamavi,
1662 2939 1722 2998 ni
1753 2937 2078 2999 abstineret
2121 2957 2153 2998 a
2184 2937 2400 3000 Gitone
2430 2939 2589 3001 iniu-
2633 2950 2692 2999 30

432 3024 583 3084 riam
612 3023 824 3085 mulier
854 3025 1121 3084 damnata
1155 3033 1213 3085 et
1243 3024 1301 3084 in
1335 3032 1460 3084 toto
1494 3023 1724 3103 navigio
1757 3022 1878 3084 sola
1910 3022 2293 3085 verberanda.
2366 3041 2582 3085 accen-

435 3109 595 3170 ditur
624 3110 861 3171 audacia
892 3127 1020 3169 mea
1053 3109 1258 3169 iratior
1288 3108 1519 3182 Lichas,
1551 3108 2014 3188 indignaturque
2046 3109 2204 3187 quod
2236 3128 2347 3189 ego
2379 3109 2583 3171 relicta

435 3212 563 3255 mea
608 3212 782 3256 causa
826 3203 1054 3255 tantum
1100 3212 1210 3273 pro
1255 3193 1368 3255 alio
1414 3195 1622 3255 clamo.
1684 3212 1797 3254 nec
1826 3194 2024 3255 minus
2053 3194 2405 3273 Tryphaena
2437 3213 2584 3255 con-

434 3281 673 3341 tumelia
701 3280 879 3342 saevit
908 3298 1154 3341 accensa
1185 3279 1484 3358 totiusque
1516 3279 1730 3359 navigii
1759 3279 1993 3340 turbam
2021 3279 2287 3341 diducit
2271 3299 2331 3341 m
2365 3287 2584 3360 partes.

435 3366 575 3427 hinc
604 3365 1051 3427 mercennarius
1081 3360 1336 3448 [tonsor]
1368 3365 1728 3426 ferramenta
1756 3383 1862 3425 sua
1895 3364 2067 3426 nobis
2096 3373 2155 3426 et
2177 3365 2305 3445 ipse
2327 3373 2587 3427 armatus
2630 3374 2688 3424 35

436 3450 752 3524 distribuit,
783 3451 945 3512 illinc
976 3450 1362 3530 Tryphaenae
1394 3450 1609 3510 familia
1644 3450 1833 3511 nudas
1863 3450 2098 3530 expedit
2126 3469 2358 3514 manus.
2406 3469 2473 3513 ac
2507 3470 2583 3512 ne

436 3536 776 3597 ancillarum
822 3536 1063 3615 quidem
1109 3535 1328 3596 clamor
1372 3536 1560 3596 aciem
1591 3535 1885 3608 destituit,
1932 3554 2054 3597 uno
2101 3546 2332 3597 tantum
2363 3536 2585 3615 guber·

439 3628 644 3681 natore
674 3620 1018 3682 relicturum
1064 3639 1128 3682 se
1173 3621 1335 3681 navis
1365 3620 1760 3681 ministerium
1790 3621 2210 3691 denuntiante,
2242 3623 2290 3683 si
2324 3641 2446 3683 non
2480 3621 2585 3683 de-

436 3705 589 3766 sinat
634 3705 822 3766 rabies
865 3704 1108 3766 libidine
1153 3705 1521 3785 perditorum
1566 3705 1828 3766 collecta.
1913 3706 2098 3767 nihilo
2140 3707 2340 3769 minus
2382 3715 2581 3768 tamen

437 3799 771 3869 perseverat
798 3789 1203 3853 dimicantium
1232 3792 1418 3865 furor,
1449 3791 1562 3852 illis
1591 3809 1702 3871 pro
1725 3790 1972 3863 ultione,
2007 3791 2180 3854 nobis
2202 3810 2312 3871 pro
2336 3793 2449 3853 vita
2472 3810 2585 3871 pu·
2628 3802 2688 3852 40

610 3994 673 4044 15
700 4006 831 4058 quae
868 3991 976 4043 sola
1014 3992 1331 4045 salamandra
1364 3993 1372 4060 Ι
1405 3994 1629 4046 excussit
1652 3993 1672 4061 Ι
1699 3996 1762 4047 20
1792 3994 1993 4062 aequali
2019 4000 2072 4045 et
2094 3994 2301 4047 calvitie
2327 3993 2578 4045 Munclce·

434 4075 532 4110 rus
566 4064 843 4111 conectens
877 4058 1120 4112 deformis
1158 4076 1276 4111 cum
1311 4061 1634 4113 inveniebam
