2881 4580
490 256 611 315 228
1416 253 1711 307 SENECAE

795 428 906 489 iam
940 428 1197 488 medium
1231 446 1413 489 curru
1447 426 1720 488 Phoebus
1748 427 2022 488 diviserat
2052 425 2253 487 orbem

794 523 851 573 et
880 513 1128 593 propior
1158 513 1317 573 nocti
1348 514 1531 574 fessas
1562 511 1861 591 quatiebat
1890 511 2148 573 habenas

797 597 1038 677 obliquo
1070 598 1276 658 flexam
1311 597 1610 659 deducens
1639 597 1868 657 tramite
1899 597 2123 657 lucem:

411 691 449 753 3
495 684 770 746 Claudius
822 683 1074 744 animam
1135 701 1306 761 agere
1365 682 1581 761 coepit·
1614 700 1727 743 nec
1782 682 2049 743 invenire
2106 681 2325 744 exitum
2381 691 2636 761 poterat.

490 780 618 831 tum
649 769 991 842 Mercurius,
1023 768 1125 846 qui
1154 786 1389 848 semper
1419 767 1663 845 ingenio
1694 768 1821 828 eius
1843 768 2165 830 delectatus
2195 775 2368 839 esset,
2399 785 2578 827 unam
2606 786 2638 827 e
2684 779 2716 828 5

490 855 682 916 tribus
711 854 911 914 Parcis
941 852 1167 914 seducit
1198 862 1257 913 et
1288 853 1395 913 ait:
1429 852 1610 931 ‘quid,
1641 852 1856 913 femina
1880 851 2299 921 crudelissima,
2332 851 2637 913 hominem

396 997 399 1002 .
490 940 769 1002 miserum
799 938 1068 1017 torqueri
1091 936 1351 1017 pateris?
1384 956 1497 999 nec
1521 955 1786 1016 unquam
1813 948 1928 998 tam
1956 938 2057 999 diu
2080 938 2375 999 cruciatus
2398 935 2635 998 cesset?

489 1043 687 1086 annus
708 1024 1105 1102 sexagesimus
1128 1034 1374 1101 quartus
1402 1032 1512 1096 est,
1544 1042 1616 1084 ex
1641 1041 1760 1101 quo
1791 1040 1926 1083 cum
1951 1023 2146 1084 anima
2166 1023 2439 1083 luctatur.
2493 1022 2636 1101 quid

490 1110 630 1174 huic
674 1119 733 1171 et
775 1109 861 1169 rei
905 1108 1176 1187 publicae
1220 1106 1490 1169 invides?
1584 1118 1789 1187 patere
1831 1108 2273 1169 mathematicos
2318 1107 2635 1186 aliquando

488 1213 691 1256 verum
739 1194 967 1266 dicere,
1015 1193 1117 1272 qui
1148 1193 1344 1266 illum,
1390 1212 1459 1254 ex
1507 1211 1625 1272 quo
1655 1192 1937 1273 princeps
1976 1194 2165 1255 factus
2196 1204 2314 1265 est,
2361 1193 2641 1254 omnibus
2685 1201 2751 1253 10

490 1280 696 1352 anniS,
743 1278 1021 1340 omnibus
1063 1279 1368 1340 mensibus
1413 1278 1688 1339 efferunt.
1771 1289 1830 1340 et
1873 1287 2070 1339 tamen
2117 1298 2238 1339 non
2287 1287 2376 1340 est
2419 1278 2636 1338 mirum

489 1365 539 1427 si
569 1376 773 1427 errant
814 1372 874 1425 et
900 1364 1104 1425 horam
1149 1363 1277 1425 eius
1307 1383 1485 1425 nemo
1518 1364 1709 1436 novit;
1755 1382 1930 1424 nemo
1972 1364 2133 1424 enim
2175 1381 2438 1443 unquam
2471 1363 2638 1424 illum

491 1460 697 1514 natum
728 1449 971 1530 putavit.
1030 1450 1121 1510 fac
1152 1449 1310 1528 quod
1341 1448 1681 1510 faciendum
1709 1459 1824 1510 est:

797 1534 985 1595 “dede
1016 1534 1165 1607 neci,
1196 1533 1406 1595 melior
1433 1552 1613 1594 vacua
1643 1534 1772 1596 sine
1803 1543 2014 1613 regnet
2043 1533 2103 1594 in
2134 1533 2335 1595 aula.'’

488 1620 592 1681 sed
636 1619 846 1681 Clotho
891 1624 1020 1697 ‘ego
1061 1619 1451 1680 mehercules'
1495 1620 1689 1698 inquit
1731 1619 2031 1698 ‘pusillum
2079 1620 2363 1699 temporis
2404 1619 2638 1680 adicere
2684 1622 2746 1673 15

488 1704 573 1765 illi
602 1704 866 1767 volebam
886 1748 902 1776 ,
934 1703 1072 1765 dum
1101 1704 1214 1765 hos
1241 1705 1560 1784 pauculos,
1592 1704 1694 1783 qui
1725 1713 2075 1783 supersunt,
2108 1704 2338 1765 civitate
2368 1703 2636 1765 donaret’

489 1823 575 1835 --
605 1790 995 1851 constituerat
1025 1789 1183 1849 enim
1216 1808 1425 1851 omnes
1460 1789 1741 1862 Graecos,
1778 1788 2002 1860 Gallos,
2039 1788 2364 1868 Hispanos,
2401 1789 2638 1850 Britan-

493 1893 605 1936 nos
633 1883 864 1954 togatos
893 1873 1089 1935 videre
1133 1909 1217 1920 —-
1247 1875 1369 1936 ‘sed
1402 1874 1685 1953 quoniam
1714 1874 1907 1954 placet
1935 1874 2163 1953 aliquos
2192 1876 2544 1955 peregrinos
2573 1875 2636 1935 in

492 1977 696 2020 semen
728 1958 983 2038 relinqui
1026 1968 1084 2019 et
1125 1969 1192 2020 tu
1223 1959 1301 2020 ita
1338 1958 1507 2021 iubes
1537 1959 1694 2031 fieri,
1737 1959 1875 2020 fiat'.
1947 1959 2137 2039 aperit
2177 1972 2303 2021 tum
2334 1961 2639 2041 capsulam

493 2054 552 2104 et
592 2054 713 2106 tres
751 2046 917 2106 fusos
952 2045 1211 2124 profert:
1265 2064 1422 2106 unus
1469 2054 1593 2105 erat
1618 2045 1942 2123 Augurini,
1985 2045 2132 2105 alter
2159 2044 2383 2118 Babae,
2427 2046 2640 2107 tertius
2684 2047 2746 2098 2⁰

494 2129 737 2191 Claudii.
790 2129 938 2191 ‘hos'
967 2129 1159 2208 inquit
1188 2136 1327 2191 ‘tres
1357 2148 1481 2190 uno
1506 2148 1667 2190 anno
1698 2129 1924 2210 exiguis
1949 2130 2268 2192 intervallis
2295 2141 2636 2212 temporum

493 2213 708 2277 divisos
731 2214 882 2276 mori
903 2214 1142 2288 iubebo,
1176 2234 1287 2277 nec
1309 2215 1474 2277 illum
1498 2214 1905 2276 incomitatum
1937 2213 2242 2276 dimittam.
2296 2236 2418 2278 non
2453 2235 2636 2298 opor·

492 2309 577 2361 tet
608 2301 765 2362 enim
797 2320 964 2373 eum,
1013 2300 1113 2379 qui
1145 2301 1321 2362 modo
1350 2319 1414 2362 se
1445 2310 1534 2361 tot
1575 2301 1730 2361 milia
1774 2301 2080 2362 hominum
2124 2304 2431 2381 sequentia
2476 2303 2637 2364 vide-

494 2384 611 2460 bat,
644 2395 732 2448 tot
753 2385 1184 2467 praecedentia,
1215 2396 1307 2447 tot
1326 2386 1700 2459 circumfusa,
1731 2385 1927 2447 subito
1952 2386 2144 2447 solum
2174 2386 2430 2450 destitui.
2486 2408 2638 2450 con-

493 2480 694 2533 tentus
726 2472 838 2533 erit
864 2470 958 2532 his
986 2470 1225 2531 interim
1256 2470 1741 2532 convictoribus!
2685 2474 2745 2525 25

381 2610 388 2617 .
412 2562 453 2621 4
800 2557 949 2617 haec
978 2556 1058 2615 ait
1086 2565 1144 2616 et
1172 2556 1332 2636 turpi
1361 2556 1719 2618 convolvens
1746 2556 1990 2618 stamina
2024 2557 2156 2618 suso

803 2640 1040 2721 abrupit
1069 2641 1314 2703 stolidae
1345 2641 1561 2721 regalia
1593 2651 1860 2721 tempora
1890 2642 2058 2702 vitae.

799 2736 857 2786 at
886 2726 1161 2787 Lachesis
1192 2726 1458 2787 redimita
1490 2744 1705 2798 comas,
1736 2737 1945 2788 ornata
1977 2727 2237 2806 capillos,

801 2811 990 2872 Pieria
1021 2811 1247 2872 crinem
1279 2812 1447 2873 lauro
1475 2813 1853 2890 frontemque
1884 2830 2179 2873 coronans

800 2896 1046 2957 candida
1076 2895 1148 2956 de
1181 2897 1353 2957 niveo
1382 2896 1718 2958 subtemina
1750 2897 1962 2957 vellere
1992 2897 2171 2958 sumit
2261 2903 2267 2909 “
2689 2899 2746 2950 30

798 2980 957 3042 felici
986 2981 1344 3042 moderanda
1373 3000 1574 3054 manu,
1607 2999 1756 3061 quae
1788 2981 1962 3043 ducta
1993 2982 2251 3043 colorem

799 3084 1171 3145 assumpsere
1203 3085 1443 3128 novum.
1502 3066 1794 3128 mirantur
1822 3085 2005 3146 pensa
2034 3086 2298 3129 sorores:

798 3159 1061 3213 mutatur
1087 3150 1216 3212 vilis
1247 3152 1510 3230 pretioso
1538 3152 1671 3213 lana
1701 3152 1954 3224 metallo,

799 3254 975 3298 aurea
1004 3237 1268 3299 formoso
1300 3236 1672 3298 descendunt
1698 3236 1929 3299 saecula
1958 3237 2059 3298 filo

801 3339 914 3383 nec
945 3321 1155 3383 modus
1183 3331 1273 3384 est
1302 3322 1432 3394 illis,
1464 3322 1652 3383 felicia
1682 3321 1894 3384 vellera
1924 3321 2152 3383 ducunt
2686 3317 2740 3367 35

801 3416 861 3467 et
889 3407 1148 3486 gaudent
1176 3407 1422 3487 implere
1451 3425 1682 3478 manus,
1712 3417 1852 3469 sunt
1882 3407 2069 3469 dulcia
2102 3424 2303 3487 pensa.

798 3502 1015 3571 sponte
1044 3510 1149 3553 sua
1179 3492 1416 3553 festinat
1446 3511 1598 3572 opus
1628 3493 1910 3571 nulloque
1940 3491 2141 3554 labore

800 3576 997 3637 mollia
1027 3587 1300 3638 contorto
1330 3577 1701 3639 descendunt
1728 3578 1975 3639 stamina
2005 3580 2155 3640 fuso,

800 3663 1047 3723 vincunt
1077 3661 1337 3734 Tithoni,
1366 3663 1611 3724 vincunt
1641 3673 1699 3723 et
1728 3662 1994 3725 Nestoris
2023 3680 2231 3725 annos.

801 3745 1074 3807 Phoebus
1103 3746 1266 3808 adest
1293 3759 1592 3826 cantuque
1621 3747 1776 3808 iuvat
1804 3748 2135 3828 gaudetque
2166 3748 2380 3810 suturis
2686 3744 2741 3795 ⁴⁰

802 3838 860 3890 et
891 3830 1076 3892 laetus
1108 3849 1269 3892 nunc
1300 3833 1524 3912 plectra
1555 3843 1765 3907 movet,
1801 3852 2176 3913 nuncpensa
2210 3833 2523 3897 ministrat.

669 4014 697 4062 7
737 4012 989 4065 cruciatus
1024 4020 1187 4067 esset:
1224 4013 1358 4068 exiet
1392 4017 1624 4068 Ham-ius
1646 4017 1666 4084 ΙΙ
1693 4019 1757 4071 22
1795 4032 1859 4070 ne
1888 4017 2126 4069 Wehlius
2149 4017 2169 4084 ΙΙ
2196 4018 2259 4070 28
2296 4031 2488 4070 comes.
2524 4015 2644 4078 for·-
