2881 4580
1151 292 1432 347 PmAPEA
2262 289 2382 360 14¹7

1136 465 1478 528 xxxxvlu

460 562 631 635 Quod
663 574 890 645 partem
923 567 1211 628 madidam
1245 571 1360 630 mei
1393 569 1616 645 videtiS‚

460 667 569 728 per
601 669 776 729 quam
810 652 1114 732 significor
1147 654 1394 733 Priapus
1428 675 1574 729 esse,

461 755 584 797 non
617 755 717 797 ros
750 747 857 811 est,
891 737 1031 799 mihi
1063 739 1256 812 crede,
1290 758 1400 800 nec
1432 741 1663 820 pruina,

458 820 557 881 sed
592 821 750 899 quod
780 833 993 902 sponte
1023 841 1127 884 sua
1159 825 1310 885 solet
1339 825 1580 899 remitti,

460 923 593 967 cum
624 922 793 968 mens
826 917 913 969 est
941 909 1212 987 pathicae
1241 928 1470 971 memor
1497 911 1747 992 puellae.

1119 1044 1485 1123 xxxxvuu

458 1160 567 1234 Tu,
599 1160 941 1240 quicunque
971 1163 1130 1223 vides
1161 1163 1318 1224 circa
1349 1165 1593 1225 tectoria
1619 1174 1823 1228 nostra

538 1265 659 1306 non
693 1246 940 1307 nimium
972 1248 1113 1309 casti
1140 1249 1399 1309 carmina
1431 1249 1606 1329 plena
1637 1250 1769 1324 ioci,

459 1331 722 1392 versibus
753 1330 1027 1394 obscenis
1058 1332 1278 1394 offendi
1311 1334 1544 1395 desine:
1578 1353 1700 1396 non
1735 1344 1822 1397 est

534 1417 797 1478 mentula
829 1417 1104 1480 subducti
1133 1426 1336 1479 nostra
1365 1420 1684 1499 supercilii.

1286 1572 1333 1633 L

460 1669 773 1746 Quaedam,
805 1673 855 1733 si
883 1671 1074 1751 placet
1105 1673 1217 1733 hoc
1247 1672 1373 1747 tibi,
1411 1674 1638 1753 Priape,

458 1756 826 1818 fucosissima
858 1775 953 1818 me
985 1757 1178 1837 puella
1211 1758 1362 1819 ludit

459 1850 518 1901 et
545 1860 656 1902 nec
686 1842 787 1903 dat
814 1843 958 1904 mihi
990 1862 1099 1904 nec
1131 1853 1309 1923 negat
1337 1842 1626 1916 daturam,

457 1944 661 1988 causas
689 1928 916 1989 invenit
944 1947 1132 2006 usque
1163 1928 1493 1990 differendi.

455 2028 601 2089 quae
631 2012 680 2073 si
711 2013 1027 2092 contigerit
1053 2014 1303 2075 fruenda
1334 2013 1528 2085 nobis,
2238 2033 2290 2081 -5

457 2103 634 2158 totam
662 2097 1054 2178 comparibuS,
1082 2099 1306 2178 Priape,
1342 2098 1560 2159 nostris
2144 2122 2154 2134 ·

458 2181 759 2261 cingemus
787 2182 895 2244 tibi
924 2183 1247 2245 mentulam
1277 2184 1536 2245 coroniS.

1265 2337 1336 2397 LI

454 2436 604 2508 Quid
649 2438 764 2499 hoc
795 2438 997 2516 negoti
1029 2448 1119 2500 est
1149 2457 1335 2518 quave
1364 2438 1633 2517 suspicer
1663 2453 1836 2502 causa

451 2523 649 2584 venire
678 2522 740 2583 in
773 2523 1012 2584 hortum
1042 2523 1331 2603 plurimos
1359 2542 1558 2586 meum
1590 2525 1770 2599 fures,

453 2626 587 2669 cum
618 2607 887 2687 quisquis
918 2610 976 2669 in
1012 2628 1123 2670 nos
1152 2609 1377 2682 incidit,
1409 2601 1534 2671 luat
1566 2628 1793 2688 poenas

453 2702 509 2753 et
538 2711 726 2772 usque
756 2712 970 2755 curvos
1001 2703 1313 2757 excavetur
1342 2695 1411 2755 ad
1442 2693 1725 2757 lumbos?

451 2796 572 2838 non
605 2779 752 2840 ficus
780 2778 878 2840 hic
909 2789 998 2840 est
1026 2779 1411 2858 praeferenda
1442 2780 1668 2842 vicinae
2256 2795 2287 2845 5

448 2882 729 2942 uvaeque,
762 2864 964 2942 quales
993 2865 1136 2926 flava
1166 2866 1309 2945 legit
1336 2865 1532 2939 Arete,

451 2968 570 3010 non
605 2950 752 3010 mala
783 2950 1010 3012 truncis
1039 2950 1361 3012 adserenda
1394 2950 1628 3013 Picenis

448 3035 736 3112 pirumve,
768 3042 931 3095 tanto
966 3035 1123 3114 quod
1155 3036 1423 3116 periculo
1456 3044 1676 3116 capteS‚

448 3119 750 3198 magisque
780 3138 917 3181 cera
946 3120 1171 3182 luteum
1206 3139 1355 3182 nova
1384 3138 1647 3199 prunum

448 3203 763 3266 sorbumve
793 3215 1029 3267 ventres
1056 3205 1320 3268 lubricos
1350 3214 1738 3268 moraturum.
2229 3218 2288 3269 10

446 3290 757 3367 praesigne
786 3290 934 3352 rami
966 3309 1077 3353 nec
1107 3292 1224 3352 mei
1252 3292 1456 3352 ferunt
1485 3309 1718 3351 morum

448 3393 732 3436 nucemve
763 3376 1021 3455 longam,
1052 3395 1228 3455 quam
1258 3386 1471 3437 vocant
1501 3376 1847 3449 abellanam,

447 3460 886 3539 amygdalumve
918 3462 1063 3522 flore
1093 3480 1393 3541 purpurae
1423 3462 1677 3539 fulgens·

446 3563 566 3606 non
598 3545 996 3608 brassicarum
1025 3547 1183 3608 ferre
1204 3548 1429 3625 glorior
1458 3546 1655 3608 caules
2003 3624 2010 3630 ⁸

446 3628 699 3706 betasve,
730 3641 979 3711 quantas
1008 3632 1217 3694 hortus
1247 3633 1457 3694 educat
1486 3631 1703 3705 nulluS‚
2226 3640 2284 3691 15

445 3733 793 3777 crescensve
823 3735 1060 3796 semper
1089 3718 1149 3778 in
1182 3737 1356 3779 suum
1386 3725 1566 3795 caput
1596 3732 1860 3795 porrum.

386 3917 421 3969 L
458 3920 487 3971 2
524 3916 826 3969 fico'sissi'ma
869 3918 1011 3985 pleri
1084 3935 1111 3970 e
1157 3919 1166 3983 Ι
1215 3921 1248 3971 4
1300 3932 1583 3984 causasque
1637 3915 1798 3984 volgo
1843 3916 1855 3985 Ι
1903 3919 1934 3969 6
1990 3931 2104 3969 cum
2157 3918 2369 3983 paribus

223 3987 434 4050 quidam
470 3986 615 4051 (inde
648 3988 709 4036 in
745 3990 897 4038 emim
933 4002 998 4039 no
1037 3988 1081 4039 is
1108 3993 1521 4053 proposueram)
1555 3986 1808 4039 similibus
1843 3985 1947 4036 alii
1979 3985 1999 4053 ΙΙ
2036 3984 2095 4036 LI
2134 3989 2195 4038 12
2231 3997 2366 4055 qua'e

222 4060 428 4107 vocatur
464 4055 578 4106 alva
616 4053 702 4105 vel
736 4054 893 4122 alna}
927 4058 986 4107 13
1023 4070 1279 4122 purpureo
1782 4092 1788 4096 -
2336 4075 2341 4090 ³

1855 4138 1961 4191 10*
