2881 4580
1148 277 1523 333 MENIPPEAE
2291 279 2409 341 167

1263 451 1307 508 V
2116 494 2119 497 .

435 556 556 598 non
590 536 766 597 modo
797 535 997 597 vinum
1029 537 1198 610 dare,
1231 452 1540 598 sed(33iam
1572 546 1641 598 ut
1671 537 1907 600 Plautus
1935 538 2014 600 ait
2045 539 2406 613 murrinam,
2448 549 2509 600 40

263 639 520 700 passum,
551 620 868 682 defi'utum'
1508 656 1513 661 -

1231 706 1301 766 v1
1336 710 1423 782 (5)

436 828 570 870 nam
612 808 670 868 in
722 808 999 868 omnibus
1042 808 1155 886 legi
1198 798 1352 872 καθ’
1390 802 1769 891 ὑπερβατόν
1800 813 1896 870 ‘ne
1927 809 2127 884 dares,
2172 830 2247 872 ne
2278 812 2407 890 pol·
2448 819 2506 871 41

264 893 489 968 licereS‚
521 894 676 973 quod
709 893 908 954 datum
941 892 1048 953 est'

1013 1056 1342 1111 ARMORVM
1376 1057 1666 1111 IVDICIVM

1264 1161 1287 1223 l
1343 1164 1380 1225 2

428 1277 495 1328 ut
523 1267 581 1329 in
616 1266 788 1327 litore
820 1265 1020 1328 cancri
1053 1264 1247 1345 digitis
1276 1164 1641 1343 plimoribus
1670 1275 1827 1328 stare
1952 1286 1956 1291 ’
2444 1280 2504 1331 42

1242 1382 1295 1443 ΙΙ
1329 1385 1416 1463 (1)

427 1470 544 1531 illic
566 1470 721 1531 viros
750 1469 993 1543 hortari,
1026 1476 1092 1529 ut
1122 1468 1383 1552 rixarent
1412 1469 1699 1549 praeclari
1728 1469 2063 1550 philosophi
2333 1521 2344 1532 .
2442 1484 2502 1535 43

1173 1582 1178 1601 1
1242 1633 1434 1687 ΒΑΙΑΕ

304 1723 309 1729 ’
425 1742 579 1821 quod
616 1759 733 1802 non
769 1740 960 1802 solum
993 1739 1253 1801 innubae
1285 1741 1436 1801 flunt
1465 1724 1815 1813 communis,
1845 1740 1948 1802 sed
1979 1740 2151 1802 etiam
2176 1702 2400 1805 veteres
2443 1755 2518 1839 44,

251 1835 683 1906 repuerascam
714 1834 774 1887 et
803 1825 970 1886 multi
1000 1826 1169 1905 pueri
1202 1826 1578 1905 puellascunt
2025 1861 2028 1864 ·

1154 1991 1485 2045 BIMARCVS

1254 2096 1279 2156 1
1309 2094 1399 2178 (2)

552 2196 824 2284 τρόπων
852 2196 1148 2283 τρόπους
1172 2200 1273 2277 qui
1308 2204 1429 2260 non
1463 2199 1640 2260 modo
1672 2199 1974 2278 ignorasse
2006 2219 2098 2292 me
2441 2218 2502 2269 45

552 2286 778 2359 clamat,
808 2287 910 2349 sed
944 2285 1189 2347 omnino
1222 2287 1414 2347 omnis
1448 2286 1656 2346 heroas
1689 2295 1865 2364 negat

555 2372 814 2435 nescisse

1213 2453 1266 2514 11

556 2558 712 2636 quod
747 2560 943 2617 utrem
974 2557 1049 2618 sit
1078 2456 1460 2635 [1183ηυὶ11538
1495 2559 1757 2652 parvum,
1791 2556 1957 2618 facile
1979 2574 2053 2617 an
2087 2556 2307 2618 difficul
2435 2575 2495 2624 46

554 2761 745 2840 ipsum
779 2769 1025 2840 propter
1053 2760 1142 2820 vix
1175 2674 1718 2822 lfflgsstliiffemimati
1751 2760 2140 2840 exequiantur
2435 2778 2495 2828 ‘H

551 2963 868 3043 psephistis
897 2964 1070 3025 dicite
1101 2877 1615 3027 1881ὲὲξιέ18ἶ)νίνό8
1644 2965 2006 3027 contemnite
2037 2964 2165 3036 vivi,
2359 2996 2370 3008 ·
2436 2982 2497 3033 48

547 3049 859 3128 anticipate
890 3059 1065 3126 atque
1096 3050 1289 3111 addite
1320 3050 1544 3123 calcar,
1574 3050 1786 3113 stultos
1817 3049 2179 3112 contemnite
2211 3049 2368 3109 docti

551 3255 763 3313 natitae
795 3252 1142 3330 remivagam
1174 3168 1422 3315 ηιζιςὲῐῖῑ)
1445 3253 1704 3315 celocem
2133 3251 2136 3255 “
2380 3341 2383 3344 Ἴ
2431 3270 2490 3321 49

411 3440 477 3489 40
514 3436 580 3487 Ν.
611 3452 667 3502 p.
707 3439 802 3495 551
842 3436 1060 3487 murrina
1098 3436 1121 3503 Ι
1168 3436 1341 3522 vinnm
1394 3453 1452 3490 se
1506 3437 1626 3489 dare
1680 3438 1849 3489 codem
1884 3438 2115 3501 optimus
2157 3434 2176 3501 ΙΙ
2221 3437 2281 3486 41
2321 3433 2390 3489 Ν.

235 3523 292 3572 p.
329 3509 423 3558 471
465 3504 706 3571 pollicere

410 3576 476 3625 42
511 3572 579 3625 Ν.
611 3589 665 3638 p.
691 3575 789 3625 427
828 3572 1044 3639 priores.
1080 3571 1312 3633 fortasse
1346 3574 1770 3638 Aristophaneus
1802 3587 1985 3623 versus
2017 3573 2132 3621 sine
2167 3575 2341 3636 capite
2373 3573 2392 3639 [Ι

238 3646 305 3697 43
341 3642 410 3695 Ν.
443 3657 496 3706 p.
534 3644 632 3693 477
669 3641 801 3692 rixat

410 3712 479 3761 44
514 3708 582 3761 Ν.
612 3725 667 3775 p.
709 3711 806 3762 154
844 3708 1208 3775 puellascere.
1262 3708 1474 3761 ,Varro
1502 3707 1620 3760 Bais
1657 3707 1794 3774 quod
1830 3712 1892 3758 ut
1926 3708 2257 3758 vehementer
2293 3709 2389 3758 du-

238 3781 398 3829 bitem
434 3794 507 3829 an
543 3793 663 3829 eum
696 3779 1035 3843 sequentibus
1067 3794 1259 3829 nomon
1292 3778 1556 3829 Baiarum
1593 3776 2024 3842 coniungendam
2046 3778 2119 3826 sit
2147 3774 2156 3844 Ι
2185 3780 2388 3828 veteres
2480 3819 2484 3824 .

241 3847 649 3979 Ρῠθυδῖἒωχῖ.ρ
654 3916 801 3967 ,530
844 3913 864 3982 ΙΙ
904 3916 968 3967 46
1004 3913 1072 3965 Ν.
1101 3929 1157 3979 p.
1197 3915 1290 3966 111
1332 3911 1466 3964 facul
1511 3912 1531 3979 ΙΙ
1570 3915 1636 3964 47
1675 3911 1743 3964 Ν.
1776 3928 1830 3978 p.
1871 3917 1965 3966 107
2004 3911 2392 3978 exequianturss

242 3985 307 4038 48
348 3982 418 4035 Ν.
439 3998 494 4049 p.
523 3985 586 4034 70
623 3982 904 4048 anticipare
934 3981 942 4048 Ι
974 3982 1084 4048 ipse
1122 3979 1277 4033 fistis:
1315 3980 1550 4042 fortasse
1584 3981 1665 4034 his
1701 3981 1978 4048 psephistis
2015 3981 2168 4033 dicite
2204 3979 2388 4031 ‘’labda

235 4058 290 4102 et
315 4051 336 4118 ΙΙ
362 4054 427 4104 49
465 4049 534 4105 Ν.
562 4067 619 4117 p.
657 4052 756 4103 532
793 4050 940 4103 celox
