2881 4580
428 291 510 349 98
1345 291 1647 345 PETRONII

681 474 857 543 atque
888 465 1112 526 urbana
1146 466 1393 537 Procne,
1425 482 1577 542 quae
1606 465 1831 526 circum
1859 465 2126 543 gramina
2157 466 2320 526 susae
2588 476 2687 527 LO

683 569 751 618 ac
781 550 988 612 molles
1016 550 1195 612 violas
1225 560 1409 612 cantu
1433 569 1540 612 sua
1570 551 1724 611 furta
1754 550 2033 611 colebant

1484 658 1517 694 *

596 720 904 801 premebat
948 721 1040 782 illa
1086 720 1344 782 resoluta
1375 721 1718 787 marmoreis
1746 719 2079 782 cervicibus
2104 739 2347 782 aureum
2379 730 2578 783 torum

431 815 742 889 myrtoque
770 806 1005 868 florenti
1037 806 1306 884 quietum
1514 804 1880 868 verberabat.
1941 806 2138 885 itaque
2180 816 2246 867 ut
2291 825 2385 867 me
2415 807 2577 881 vidit,

429 891 733 970 paululum
764 890 1046 963 erubuit,
1087 892 1398 952 hesternae
1427 891 1657 952 scilicet
1683 891 1931 952 iniuriae
1974 909 2205 952 memor
2220 909 2247 965 3,
2269 892 2483 954 deinde
2513 905 2580 953 ut
2622 899 2657 946 5

427 977 672 1039 remotis
714 975 993 1039 omnibus
1037 978 1362 1038 secundum
1410 976 1755 1038 invitantem
1799 976 2074 1047 consedi,
2120 995 2350 1038 ramum
2395 996 2580 1058 super

429 1062 641 1142 oculos·
679 1081 842 1123 meos
886 1061 1116 1141 posuit,
1162 1069 1220 1121 et
1265 1062 1429 1140 quasi
1477 1061 1700 1140 pariete
1745 1061 2056 1123 interiecto
2102 1064 2380 1123 audacior
2424 1064 2581 1124 fincta

427 1146 584 1225 ‘quid
617 1146 724 1209 est'
754 1146 950 1226 inquit
979 1144 1357 1226 ‘paralytice?
1411 1147 1619 1226 ecquid
1654 1146 1829 1208 hodie
1858 1156 2020 1208 totus
2050 1146 2319 1209 venisti?
2365 1147 2578 1227 ‘rogas'

423 1232 674 1312 inquam.
697 1251 807 1311 ego
833 1232 1047 1312 ‘potius
1071 1250 1249 1310 quam
1271 1242 1523 1311 temptas
1536 1229 1585 1291 ‘2’
1616 1241 1858 1310 totoque
1877 1250 2133 1311 corpore
2154 1232 2214 1293 in
2240 1233 2575 1312 amplexum

425 1317 552 1379 eius
582 1317 878 1380 immissus
908 1336 1029 1378 non
1062 1318 1455 1396 praecantatis
1485 1335 1673 1396 usque
1704 1318 1775 1376 ad
1806 1318 2137 1378 satietatem
2163 1318 2385 1380 esculis
2409 1321 2580 1379 fruor
2627 1324 2688 1373 ιο

1483 1425 1517 1460 ηε

262 1576 381 1639 132
606 1569 616 1653 Ι
653 1572 781 1651 ipsa
812 1571 1080 1651 corporis
1109 1571 1550 1650 pulchritudine
1593 1591 1689 1633 me
1733 1571 1807 1632 ad
1833 1591 1898 1633 se
1927 1580 2180 1633 vocante
2203 1571 2474 1634 trahebat
2500 1575 2571 1634 ad
2617 1583 2661 1634 L

425 1675 721 1718 venerem.
782 1657 897 1717 iam
928 1655 1199 1735 pluribus
1229 1656 1453 1719 osculis
1478 1657 1682 1719 collisa
1706 1656 1873 1718 labra
1899 1656 2287 1737 crepitabant,
2317 1658 2430 1719 iam
2462 1658 2578 1718 im-

427 1741 660 1820 plicitae
691 1759 903 1803 manus
930 1760 1107 1802 omne
1136 1759 1326 1820 genus
1355 1742 1572 1803 amoris
1601 1742 1982 1815 invenerant,
2026 1743 2141 1803 iam
2183 1742 2419 1822 alligata
2445 1761 2580 1805 mu-

427 1834 530 1886 tuo
562 1825 784 1888 ambitu
818 1844 1072 1906 corpora
1099 1827 1432 1889 animarum
1462 1845 1700 1906 quoque
1729 1828 2042 1890 mixturam
2074 1828 2338 1890 fecerant

1485 1935 1519 1970 ae

596 2081 921 2142 manifestis
977 2089 1243 2143 matrona
1300 2083 1673 2144 contumeliis
1727 2081 2029 2143 verberata
2085 2082 2321 2144 tandem
2369 2083 2447 2144 adt
2488 2085 2582 2144 ul-
2628 2093 2688 2142 15

429 2166 651 2227 tionem
685 2166 948 2228 decurrit
977 2176 1262 2246 vocatque
1307 2168 1711 2229 cubicularios
1746 2178 1806 2227 et
1845 2185 1941 2227 me
1983 2166 2148 2229 iubet
2191 2168 2578 2230 catomidiari.

428 2269 539 2313 nec
570 2260 848 2313 contenta
874 2252 1083 2314 mulier
1105 2262 1220 2313 tam
1246 2255 1404 2333 gravi
1430 2253 1643 2317 iniuria
1667 2271 1796 2315 mea
1819 2263 2106 2315 conwocat
2128 2273 2337 2317 omnes
2360 2256 2580 2334 quasil-

424 2337 594 2399 larias
616 2338 987 2417 familiaeque
1008 2338 1464 2402 sordidissimam
1487 2350 1713 2419 parbem
1743 2357 1812 2400 ac
1842 2358 1938 2400 me
1968 2341 2218 2418 conspui
2241 2340 2423 2401 iubet.
2468 2360 2578 2419 op-

424 2441 586 2501 pono
633 2442 743 2501 ego
787 2442 999 2486 manus
1044 2424 1231 2486 oculis
1276 2424 1462 2500 meis,
1515 2425 1811 2504 nullisque
1855 2424 2058 2486 effusis
2100 2426 2406 2504 precibus,
2440 2427 2578 2503 quia

425 2507 681 2568 sciebam
713 2509 850 2586 quid
882 2510 1259 2583 meruissem,
1290 2509 1634 2572 verberibus
1662 2510 1969 2588 sputisque
2000 2510 2243 2572 obrutus
2283 2520 2453 2572 extra·
2493 2512 2580 2571 ia-
2623 2519 2685 2569 ’20

426 2611 602 2653 uuam
635 2593 857 2655 eiectus
886 2613 1035 2672 sum.
1097 2595 1305 2656 eicitur
1344 2604 1404 2656 et
1432 2595 1804 2666 ProselenoS,
1850 2594 2085 2675 Chrysis
2115 2595 2378 2674 vapulat,
2424 2604 2578 2657 tota-

427 2696 541 2755 que
572 2678 782 2738 samilia
814 2679 1000 2740 tristis
1026 2679 1180 2739 inter
1209 2699 1273 2741 se
1302 2691 1527 2743 umssat
1570 2680 1955 2758 quaeritque,
1996 2680 2130 2759 quis
2172 2681 2444 2742 dominae
2487 2682 2579 2742 hi-

425 2762 714 2824 laritatem
746 2764 1084 2825 confuderit

1484 2853 1515 2888 *

595 2932 791 3009 itaque
821 2933 1080 3011 pensatis
1111 2933 1333 2994 vicibus
1362 2934 1685 2996 animosior
1711 2934 2029 2996 verberum
2072 2944 2242 2997 notas
2270 2945 2396 2997 arte
2428 2954 2579 2998 con-

427 3016 562 3088 texi,
597 3035 673 3076 ne
704 3027 803 3077 aut
832 3015 1159 3097 Eumolpus
1190 3020 1547 3080 contumelia
1578 3038 1704 3081 mea
1752 3019 1995 3081 hilarior
2026 3020 2196 3082 fienet
2223 3030 2323 3081 aut
2352 3021 2583 3083 tristior
2626 3029 2691 3079 25

426 3101 624 3162 Giton.
665 3100 674 3178 Ι
716 3103 871 3180 quod
918 3103 1109 3163 solum
1154 3103 1335 3184 igitur
1377 3105 1537 3166 salvo
1589 3105 1818 3184 pudore
1862 3114 2164 3184 poteram,
2225 3107 2578 3186 contingere
2594 3118 2697 3168 Lo

425 3186 771 3266 languorem
804 3187 1101 3262 simulavi,
1133 3189 1525 3268 conditusque
1571 3190 1785 3251 lectulo
1819 3199 2006 3251 totum
2038 3192 2235 3269 ignem
2267 3192 2487 3253 suroris
2515 3193 2579 3254 in

425 3290 551 3332 eam
584 3272 876 3346 converti,
910 3292 1062 3352 quae
1089 3274 1231 3336 mihi
1264 3275 1527 3336 omnium
1559 3275 1849 3336 malorum
1881 3293 2054 3337 causa
2086 3277 2308 3337 suerat:

676 3367 768 3419 ter
797 3359 1061 3439 corripui
1091 3359 1413 3421 terribilem
1444 3379 1623 3421 manu
1658 3360 1999 3439 bipennem,

681 3454 772 3504 ter
799 3444 1136 3523 languidior
1165 3445 1399 3506 coliculi
1429 3454 1678 3525 repente
1709 3446 1909 3526 thyrso
2630 3466 2697 3515 30

681 3530 902 3591 ferrum
936 3530 1130 3602 timui,
1157 3529 1317 3608 quod
1346 3530 1579 3609 trepido
1611 3531 1761 3591 male
1790 3530 1962 3591 dabat
1992 3548 2185 3592 usum

684 3632 793 3673 nec
824 3615 940 3675 iam
970 3626 1257 3695 poteram,
1292 3614 1457 3694 quod·
1481 3617 1658 3676 modo
1691 3616 1987 3677 conficere
2017 3615 2265 3691 libebat3

598 3780 628 3828 2
666 3783 718 3828 et
754 3779 934 3831 molles
971 3780 1179 3846 aliquot
1204 3781 1331 3832 libri
1358 3784 1366 3843 Ι
1398 3797 1492 3833 sua
1529 3797 1646 3834 sura
1684 3787 1782 3834 aui
1816 3798 1930 3835 rura
1956 3782 1976 3850 ΙΙ
2002 3786 2035 3835 4
2057 3783 2371 3851 myrtaquess
2400 3787 2426 3836 7
2456 3797 2586 3836 suos

427 3845 468 3895 L
493 3845 512 3910 ΙΙ
543 3846 597 3896 11
636 3849 985 3908 praemissum
1021 3848 1295 3915 Encolpius
1332 3849 1395 3902 de
1434 3849 1753 3917 Endymione
1788 3864 1949 3916 puero
1986 3851 2006 3917 u
2048 3855 2108 3905 15
2145 3851 2449 3903 exacerbata
2489 3869 2586 3903 ex·

419 3912 642 3979 pecta-211
676 3915 735 3965 16
773 3920 1068 3979 catorogare
1091 3918 1112 3983 ΙΙ
1139 3920 1205 3970 22
1237 3921 1418 3984 potius
1454 3918 1575 3984 quid
1601 3918 1620 3984 ΙΙ
1648 3920 1712 3971 26
1751 3923 1953 3985 poterat
1991 3919 2066 3970 L:
2103 3918 2398 3985 confingere
2432 3924 2588 3971 votus

422 3981 738 4101 emendam
773 3983 791 4047 ΙΙ
834 3985 895 4034 27
935 3983 1172 4037 simulare
1210 3986 1357 4052 coepi
1394 3985 1437 4036 L
1481 3986 1501 4052 11
1549 3988 1609 4038 31
1652 3988 1858 4039 tremuit
1895 3988 2028 4039 libem
2062 4005 2095 4039 a
2126 3987 2403 4052 Scaliger-o
2440 4004 2589 4040 eom-

418 4064 651 4102 memora
