2881 4580
1185 292 1467 347 SATIRAE
2313 296 2345 355 7
2355 296 2391 353 9

131 472 434 534 LOlocum
494 479 557 532 et
615 470 787 532 fatale
833 469 1227 531 conditorium
1285 470 1554 531 familiari
1599 490 1667 532 ac
1714 471 1837 532 viro
1884 474 2121 532 faceret.
2183 471 2395 532 mulier

229 577 353 618 non
387 556 592 618 minus
622 556 958 617 misericors
988 574 1165 634 quam
1195 555 1409 635 pudica
1445 558 1560 617 “ne
1591 556 1784 617 istud''
1807 556 2002 637 inquit
2035 556 2153 618 “dii
2176 557 2392 628 sinant,

228 653 297 704 ut
357 641 570 703 eodem
628 651 896 721 tempore
952 640 1205 703 duorum
1249 642 1393 703 mihi
1440 642 1876 703 carissimorum
1920 642 2228 703 bominum
2273 642 2391 703 duo

229 730 445 789 funera
490 735 773 806 spectem.
834 726 989 787 malo
1035 735 1337 789 mortuum
1380 727 1727 807 impendere
1774 747 1949 806 quam
1995 728 2187 788 vivum
2232 727 2392 789 0001-

156 826 185 876 5
230 812 432 875 dere'’.
523 811 854 873 secundum
899 813 1052 873 hanc
1097 813 1424 874 orationem
1472 811 1638 875 iubet
1682 832 1752 874 ex
1783 831 1917 874 arca
1948 832 2168 892 corpus
2196 813 2393 872 mariti

230 900 322 961 sui
367 897 495 960 tolli
542 908 719 976 atque
765 897 877 968 illi,
925 915 1076 976 quae
1120 898 1390 972 vacabat,
1436 898 1598 960 cruci
1645 899 1821 978 affigi.
1906 918 2049 960 usus
2092 907 2181 958 est
2227 898 2392 958 miles

230 984 479 1064 ingenio
510 982 1003 1062 prudentissimae
1034 984 1318 1057 feminae,
1350 993 1712 1063 posteroque
1742 985 1837 1045 die
1868 984 2126 1066 populus
2149 983 2392 1044 miratus
2451 984 2454 987 ’

231 1081 338 1145 051,
370 1087 490 1148 qua
523 1068 754 1129 ratione
784 1077 1055 1130 mortuus
1084 1069 1226 1130 isset
1257 1069 1314 1130 in
1349 1070 1631 1130 crucem.'

400 1154 528 1215 risu
560 1172 848 1234 excepere
878 1153 1136 1215 fabulam
1166 1163 1411 1227 nautae,
1446 1148 1548 1238 [et]
1581 1154 1973 1216 erubescente
2005 1173 2125 1216 non
2169 1151 2392 1213 medio-

128 1251 183 1303 10
229 1241 410 1302 criter
440 1239 791 1319 Tryphaena
835 1241 1178 1318 vultumque
1222 1259 1394 1301 suum
1440 1258 1624 1320 super
1652 1241 1940 1302 cervicem
1971 1239 2203 1301 Gitonis
2232 1256 2390 1299 ama-

231 1325 433 1386 biliter
461 1334 748 1404 ponente.
809 1334 867 1386 at
896 1344 1021 1386 non
1054 1324 1263 1386 Lichas
1294 1325 1453 1398 risit,
1500 1326 1603 1387 sed
1632 1325 1848 1385 iratum
1879 1343 2261 1386 commovens
2292 1341 2388 1383 ca-

230 1423 343 1491 put
387 1411 457 1472 ‘si
504 1409 710 1472 iustus'
756 1411 950 1489 inquit
994 1411 1337 1490 ‘imperator
1380 1411 1618 1485 fuisset,
1666 1408 1870 1471 debuit
1912 1411 2095 1489 patris
2139 1409 2389 1470 familiae

231 1515 454 1577 corpus
484 1495 545 1556 10
576 1505 1033 1558 monumentum
1063 1496 1306 1569 referre,
1338 1496 1646 1557 mulierem
1677 1497 1917 1573 affigere
1946 1495 2147 1556 cruci'.

404 1600 530 1642 non
578 1580 755 1642 dubie
799 1581 1056 1642 redierat
1096 1581 1158 1642 in
1206 1582 1471 1642 animum
1514 1580 1736 1661 Hedyle
1781 1581 2218 1660 expilatumque
2261 1579 2389 1639 libi-

128 1677 184 1726 15
229 1668 441 1728 dinosa
485 1667 839 1744 migratione
884 1666 1202 1745 navigium.
1289 1668 1392 1728 sed
1437 1686 1550 1729 nec
1579 1667 1836 1728 foederis
1877 1665 2057 1727 verba
2085 1666 2389 1747 permitte-

231 1751 378 1813 bant
407 1753 777 1825 meminisse,
826 1771 938 1813 nec
967 1752 1259 1825 hilaritas,
1292 1770 1444 1831 quae
1490 1761 1880 1833 occupaverat
1909 1762 2173 1827 1000105,
2219 1750 2392 1811 dabat

230 1837 573 1899 iracundiae
604 1837 821 1899 locum.
897 1846 1161 1899 ceterum
1193 1838 1541 1918 Tryphaena
1574 1838 1634 1899 in
1668 1838 1892 1917 gremio
1925 1838 2156 1900 Gitonis
2198 1837 2388 1918 posita

230 1923 410 1984 modo
456 1923 738 2002 implebat
768 1923 985 1984 osculis
1029 1932 1270 2003 pectuS,
1316 1923 1617 1985 interdum
1649 1923 2050 1985 concinnabat
2077 1924 2388 2004 spoliatum

162 2014 207 2065 L
231 2007 504 2069 crinibus
534 2008 778 2069 vultum.
830 2005 841 2091 Ι
881 2026 991 2086 030
1021 2018 1279 2070 10005105
1323 2018 1383 2070 01
1424 2010 1739 2088 impatiens
1782 2010 2038 2071 foederis
2083 2010 2219 2071 novi
2265 2030 2386 2070 non

126 2105 183 2154 20
227 2093 463 2168 cibum,
496 2112 619 2154 non
652 2095 959 2173 potionem
990 2093 1324 2173 capiebam,
1369 2094 1473 2156 sed
1506 2095 1759 2174 obliquis
1786 2094 2175 2174 trucibusque
2206 2095 2394 2156 oculis

233 2190 556 2257 utrumque
601 2180 958 2260 spectabam.
1051 2180 1247 2240 omnia
1305 2198 1401 2240 me
1462 2180 1660 2242 oscula
1706 2179 2126 2252 vulnerabant,
2186 2199 2395 2241 omnes

233 2263 586 2338 blanditiae,
633 2283 1022 2344 quascunque
1066 2265 1278 2327 mulier
1321 2263 1637 2327 libidinosa
1683 2265 1961 2343 fingebat.
2037 2283 2149 2326 nec
2193 2273 2391 2326 tamen

233 2351 428 2412 adhuc
459 2349 736 2425 sciebam,
769 2362 967 2413 utrum
997 2352 1184 2431 magis
1212 2369 1398 2430 puero
1430 2351 1750 2424 irascerer,
1784 2350 1942 2429 quod
1974 2350 2220 2410 amicam
2250 2350 2392 2411 mihi

233 2437 526 2510 auferret,
572 2454 647 2496 an
692 2438 946 2511 amicae,
993 2438 1151 2514 quod
1197 2454 1452 2515 puerum
1497 2444 1940 2513 corrumperet:
1986 2444 2233 2514 utraque
2278 2436 2393 2497 ini-

128 2532 186 2581 25
229 2521 550 2582 micissima
597 2523 783 2584 oculis
826 2522 971 2582 meis
1015 2533 1075 2581 et
1118 2521 1452 2600 captivitate
1496 2521 1810 2601 praeterita
1856 2521 2133 2581 tristiora.
2222 2540 2393 2583 acce-

233 2605 416 2667 debat
443 2608 594 2681 buc,
627 2608 787 2685 quod
819 2625 1014 2685 neque
1044 2606 1396 2687 Tryphaena
1427 2625 1522 2667 me
1554 2606 1966 2686 alloquebatur
1996 2617 2273 2686 tanquam
2308 2609 2394 2667 sa-

234 2691 526 2752 miliarem
557 2702 615 2753 et
644 2691 960 2771 aliquando
989 2702 1220 2769 gratum
1254 2691 1367 2754 sibi
1398 2701 1720 2754 amatorem
1740 2739 1755 2764 ,
1802 2711 1915 2754 nec
1946 2693 2122 2753 Giton
2168 2711 2264 2753 me
2295 2704 2397 2753 aut

232 2777 522 2838 tralaticia
551 2778 969 2857 propinatione
1000 2778 1248 2855 dignum
1280 2778 1593 2853 iudicabat,
1624 2788 1726 2840 aut
1755 2779 1912 2857 quod
1943 2778 2255 2840 minimum
2286 2787 2393 2849 est,

233 2881 514 2924 sermone
546 2862 848 2925 communi
876 2862 1138 2937 vocabat,
1171 2863 1370 2937 credo,
1393 2865 1614 2926 veritus
1649 2883 1722 2925 ne
1752 2864 1911 2925 inter
1933 2865 2100 2926 initia
2124 2864 2397 2926 coeuntis

127 2956 189 3006 30
230 2948 456 3027 gratiae
485 2957 791 3010 recentem
835 2947 1170 3010 cicatricem
1199 2950 1585 3011 rescinderet.
1646 2950 2009 3011 inundavere
2053 2960 2264 3030 pectus
2308 2949 2394 3011 la-

233 3034 456 3178 crilplae
487 3032 694 3129 dolore
723 3045 976 3115 paratae,
1006 3035 1380 3113 gemitusque
1410 3036 1665 3115 suspirio
1696 3043 1890 3096 tectus
1918 3036 2172 3096 animam
2206 3054 2400 3115 paene

232 3137 304 3180 su
349 3129 534 3179 movit

1308 3208 1343 3247 ᾖ

408 3289 473 3349 in
505 3298 732 3367 partem
757 3287 1073 3367 voluptatis
1102 3288 1427 3367 temptabat
1455 3287 1697 3363 admitti,
1730 3307 1844 3349 nec
1874 3288 2099 3349 domini
2128 3287 2392 3365 superci-

234 3375 383 3436 lium
415 3372 714 3448 induebat,
747 3374 848 3435 sed
879 3374 1051 3434 amici
1081 3374 1404 3452 quaerebat
1434 3372 1787 3452 obsequium

1299 3481 1334 3520 ιιι

132 3554 192 3603 35
410 3544 481 3605 ‘si
526 3544 665 3624 quid
709 3544 957 3622 ingenui
1002 3544 1314 3623 sanguinis
1357 3542 1574 3618 habes,
1619 3563 1743 3604 non
1775 3540 1965 3621 pluris
1994 3541 2152 3602 illam
2197 3541 2395 3618 facieS,

239 3648 421 3708 quam
451 3639 734 3691 scortum.
796 3629 845 3691 si
876 3629 964 3689 vir
993 3630 1196 3705 fueris,
1231 3649 1354 3690 non
1386 3627 1501 3690 ibis
1530 3629 1602 3690 ad
1633 3626 1961 3707 spintriam'

143 3839 167 3866 ⁹
413 3869 437 3917 1
479 3864 869 3917 contubernium
887 3867 1177 3930 flagitatur
1211 3866 1321 3914 nisi
1361 3866 1533 3930 periit
1559 3862 1879 3913 vocabulum
1902 3863 1920 3928 ΙΙ
1950 3865 1980 3915 2
2011 3878 2105 3914 000
2132 3864 2205 3931 113
2236 3863 2398 3913 homi-

237 3949 358 3985 num
395 3933 499 3986 duo
537 3936 721 3985 omisit
757 3933 802 3984 L
826 3933 846 4000 ΙΙ
875 3937 938 3986 14
957 3931 1125 3985 hedile
1154 3931 1173 3999 ΙΙ
1203 3934 1264 3984 16
1286 3935 1753 3997 praeoccupaverat
1778 3932 1907 3983 libri
1929 3931 2088 3982 multi
2111 3931 2130 3998 u
2158 3933 2222 3983 35
2236 3947 2397 3997 prae-

234 4006 407 4138 gil-{isa
409 4002 622 4123 ιι1ἰοοἰΠο
658 4000 996 4068 Tryphaenae
1030 4001 1097 4054 ad
1134 3999 1440 4065 Encolpium
1475 4002 1494 4067 ΙΙ
1532 4002 1598 4053 36
1635 4003 1863 4066 sportam
1907 4003 1914 4067 1
1946 4001 2011 4052 ad
2046 4000 2277 4065 spuicam
2313 3999 2406 4048 vel

2445 1154 2569 1217 113
