2881 4580
461 288 542 348 26
1378 288 1685 343 Pssrssouu

456 462 573 523 hoc
601 461 771 522 titulo
802 456 1135 523 auctionem
1178 462 1556 541 proscripsit:
1602 460 1707 523 “C.
1740 461 1922 524 lulius
1950 461 2238 525 Proculus
2266 462 2603 524 auctionem
2623 467 2683 518 H

460 547 634 608 faciet
663 565 863 608 rerum
893 546 1445 626 supervacuarum''.
1875 618 1878 622 .

356 632 439 697 39
631 632 1021 711 interpellavit
1052 643 1166 693 tam
1198 633 1397 693 dulces
1428 632 1655 695 fabulas
1677 630 2061 706 Trimalchio;
2093 649 2228 692 nam
2259 631 2371 692 iam
2402 631 2604 693 subla-

458 726 583 777 tum
615 725 740 778 erat
767 717 1087 790 ferculum,
1131 716 1464 796 hilaresque
1494 717 1768 778 convivae
1798 717 1934 777 vino
1964 717 2459 796 sermonibusque
2489 735 2603 797 pu-

459 800 688 863 blicatis
731 821 971 882 operam
1017 811 1338 882 coeperant
1380 803 1538 864 dare.
1617 801 1668 864 is
1711 819 1851 879 ergo
1884 801 2202 863 reclinatus
2230 802 2287 863 in
2338 801 2603 864 cubitum
2647 812 2683 864 5

460 885 593 948 ‘hoc
634 887 854 949 vinum'
900 888 1093 966 inquit
1137 893 1259 949 ‘vos
1316 896 1551 967 oportet
1603 905 1778 949 suave
1833 886 2075 948 faciatis.
2164 887 2356 966 pisces
2399 897 2602 949 natare

461 982 713 1051 oportet.
782 991 959 1052 rogo,
1004 990 1097 1032 me
1141 971 1360 1052 putatis
1403 972 1500 1033 illa
1544 991 1689 1034 cena
1735 990 1862 1033 esse
1891 980 2272 1044 contentum,
2320 990 2492 1050 quam
2536 972 2600 1035 in

458 1058 628 1119 theca
672 1057 1005 1137 repositorii
1047 1055 1365 1119 videratis?
1411 1057 1538 1119 “sic
1577 1066 1753 1118 notus
1776 1054 2052 1118 VlixesP'
2098 1056 2236 1134 quid
2284 1075 2423 1135 ergo
2469 1054 2602 1118 est?

459 1151 695 1222 oportet
738 1142 912 1203 etiam
956 1142 1112 1203 inter
1150 1143 1480 1204 cenandum
1512 1141 1887 1222 philologiam
1932 1159 2126 1203 nosse.
2185 1150 2438 1220 patrono
2466 1160 2601 1203 meo

459 1246 588 1288 ossa
623 1227 774 1289 bene
804 1228 1127 1306 quiescant,
1160 1228 1258 1306 qui
1291 1245 1385 1287 me
1414 1226 1718 1288 hominem
1750 1226 1908 1287 inter
1937 1225 2209 1287 homines
2241 1226 2422 1289 voluit
2453 1245 2600 1289 esse.
2647 1235 2709 1289 10

459 1331 594 1373 nam
624 1312 766 1373 mihi
798 1312 943 1373 nihil
973 1313 1109 1374 novi
1141 1323 1339 1392 potest
1368 1312 1587 1383 afferri,
1619 1312 1773 1373 sicut
1802 1306 1898 1372 ille
1930 1311 2208 1373 fericulus
2238 1310 2354 1372 iam
2401 1311 2602 1374 habuit

459 1397 704 1477 praxim.
765 1397 964 1459 caelus
994 1397 1122 1471 hic,
1168 1399 1227 1458 in
1275 1416 1395 1477 quo
1428 1397 1738 1458 duodecim
1783 1396 1861 1457 dii
1905 1395 2203 1470 habitant,
2250 1397 2310 1457 in
2358 1397 2601 1458 totidem

458 1502 521 1544 se
551 1484 769 1561 figuras
797 1482 1120 1556 convertit,
1166 1492 1224 1543 et
1252 1483 1427 1543 modo
1461 1484 1526 1543 fit
1555 1482 1726 1542 aries.
1786 1481 1984 1560 itaque
2029 1480 2296 1559 quisquis
2340 1481 2603 1543 nascitur

458 1567 557 1629 illo
588 1568 790 1647 signo,
835 1568 1017 1629 multa
1062 1585 1277 1646 pecora
1307 1567 1514 1640 habet,
1559 1566 1807 1627 multum
1852 1566 2039 1639 lanae,
2085 1575 2262 1646 caput
2295 1577 2600 1645 praeterea

457 1652 701 1725 durum,
748 1654 1005 1713 frontem
1051 1652 1504 1732 expudoratam‚
1564 1669 1814 1713 cornum
1859 1660 2115 1712 acutum.
2205 1651 2441 1731 plurimi
2485 1652 2601 1714 hoc
2646 1660 2706 1714 15

456 1738 627 1814 signo
676 1737 1004 1798 scholastici
1058 1746 1383 1799 nascuntur
1432 1746 1493 1798 et
1536 1735 1799 1798 arietilli'.
1858 1735 2163 1798 laudamus
2205 1736 2601 1798 urbanitatem

456 1821 881 1896 mathematici;
935 1822 1129 1899 itaque
1181 1822 1417 1883 adiecit:
1465 1822 1708 1883 ‘deinde
1759 1829 1919 1883 totus
1962 1820 2162 1882 caelus
2201 1820 2472 1884 taurulus
2515 1822 2600 1883 fit.

455 1907 654 1983 itaque
683 1914 828 1967 tunc
858 1906 1150 1968 calcitrosi
1180 1915 1507 1968 nascuntur
1537 1916 1596 1968 et
1625 1906 1866 1968 bubulci
1897 1916 1957 1966 et
1986 1906 2085 1984 qui
2110 1924 2173 1967 se
2197 1905 2309 1984 ipsi
2329 1916 2600 1985 pascunt.

458 1990 519 2051 in
552 1991 803 2069 geminis
834 2000 1025 2053 autem
1059 2001 1388 2053 nascuntur
1417 1991 1589 2071 bigae
1622 2000 1679 2053 et
1707 1991 1888 2052 boves
1918 2000 1976 2052 et
2007 1991 2158 2052 colei
2189 2000 2247 2051 et
2271 1992 2372 2069 qui
2401 1999 2599 2054 utros-

457 2094 574 2152 que
604 2077 857 2155 parietes
885 2076 1099 2138 linunt.
1160 2077 1219 2138 in
1267 2095 1482 2139 cancro
1528 2094 1639 2155 ego
1684 2084 1859 2138 natus
1889 2094 2040 2137 sum.
2100 2076 2233 2136 ideo
2264 2076 2463 2137 multis
2489 2095 2600 2156 pe-
2643 2084 2706 2137 20

460 2160 631 2222 dibus
661 2171 751 2221 sto
771 2208 786 2233 ,
834 2171 892 2222 et
935 2162 997 2222 in
1028 2163 1174 2223 mari
1204 2170 1263 2223 et
1291 2163 1353 2223 in
1385 2171 1544 2223 terra
1573 2161 1756 2222 multa
1787 2160 2092 2240 posside03
2127 2179 2266 2221 nam
2296 2179 2510 2223 cancer
2540 2171 2599 2224 et

456 2245 572 2308 hoc
603 2254 660 2308 et
689 2246 822 2309 illoc
856 2246 1119 2327 quadrat.
1181 2258 1241 2309 et
1286 2248 1417 2310 ideo
1463 2248 1578 2309 iam
1623 2246 1841 2308 dudum
1890 2245 2036 2308 nihil
2080 2264 2263 2326 super
2291 2245 2457 2309 illum
2486 2265 2599 2327 po·-

456 2332 578 2407 sui,
624 2351 701 2393 ne
731 2334 997 2411 genesim
1027 2351 1216 2394 meam
1248 2351 1599 2413 premerem.
1660 2333 1720 2393 in
1753 2332 1927 2393 leone
1956 2332 2307 2411 cataphagae
2340 2350 2598 2395 nascun-

456 2424 554 2477 tur
585 2427 643 2477 et
670 2417 1004 2497 imperiosi;
1049 2420 1109 2480 in
1142 2419 1367 2498 virgine
1400 2418 1678 2479 mulieres
1706 2428 1766 2478 et
1795 2417 2019 2494 fugitivi
2050 2428 2109 2477 et
2138 2417 2486 2497 compediti;
2532 2416 2595 2478 in

454 2501 602 2562 libra
634 2503 903 2563 laniones
933 2514 990 2563 et
1020 2503 1399 2583 unguentarii
1432 2512 1490 2563 et
1520 2503 1861 2581 quicunque
1890 2502 2108 2581 aliquid
2141 2502 2492 2581 expediunt3
2534 2503 2597 2564 in
2643 2509 2700 2564 25

456 2587 773 2665 scorpione
806 2589 1101 2648 venenarii
1135 2598 1192 2648 et
1220 2605 1632 2667 percussores3
1677 2588 1739 2648 in
1786 2586 2085 2665 sagittario
2115 2586 2445 2661 strabones,
2491 2587 2595 2666 qui

456 2671 656 2732 holera
688 2682 1001 2750 spectant‚'
1036 2673 1259 2733 lardum
1292 2671 1540 2747 tollunt;
1586 2671 1645 2732 in
1680 2672 2031 2752 capricorno
2062 2672 2431 2746 aerumnosi,
2463 2672 2596 2751 qui-

455 2755 569 2817 bus
598 2774 740 2834 prae
771 2755 918 2816 mala
950 2775 1053 2816 sua
1085 2775 1308 2818 cornua
1342 2766 1699 2829 nascuntur;
1742 2757 1802 2817 in
1834 2755 2077 2834 aquario
2109 2774 2372 2836 copones
2403 2766 2462 2818 et
2491 2776 2596 2818 cu-

457 2841 750 2913 curbitae3
797 2841 855 2900 in
905 2840 1166 2920 piscibus
1197 2841 1585 2904 obsonatores
1617 2852 1675 2902 et
1704 2842 1988 2902 rhetores.
2050 2841 2133 2903 sic
2165 2842 2324 2902 orbis
2351 2842 2597 2903 vertitur

455 2934 734 3001 tanquam
766 2925 937 3000 mola,
971 2936 1029 2985 et
1058 2946 1289 3007 semper
1317 2926 1535 3006 aliquid
1565 2927 1701 2987 mali
1730 2927 1898 3000 facit,
1945 2937 2010 2986 ut
2054 2926 2323 2988 homines
2366 2935 2467 2987 aut
2495 2945 2602 2988 na·
2643 2934 2701 2986 3⁰

456 3017 699 3070 scantur
728 3020 828 3070 aut
858 3023 1121 3089 pereant.
1180 3012 1336 3090 quod
1384 3021 1583 3072 autem
1627 3012 1686 3072 in
1722 3011 1912 3072 medio
1959 3011 2274 3090 caespitem
2305 3011 2510 3074 videtis
2539 3021 2599 3073 et

457 3112 632 3172 supra
664 3096 974 3174 caespitem
1007 3096 1216 3168 favum,
1250 3095 1396 3157 nihil
1427 3096 1556 3157 sine
1602 3097 1830 3158 ratione
1874 3096 2044 3157 facio.
2109 3105 2262 3156 terra
2293 3105 2481 3157 mater
2510 3106 2599 3159 est

456 3179 518 3239 in
551 3179 743 3240 medio
776 3180 941 3258 quasi
974 3199 1142 3242 ovum
1176 3181 1625 3256 corrotundata‚
1672 3193 1731 3242 et
1775 3182 1971 3242 omnia
2002 3180 2157 3242 bona
2204 3181 2264 3241 in
2312 3201 2373 3243 se
2421 3180 2599 3243 habet

456 3273 735 3343 tanquam
764 3264 964 3325 favus'.

358 3350 440 3411 40
629 3349 886 3429 ‘sophos'
932 3349 1186 3410 universi
1235 3349 1552 3411 clamamus
1595 3360 1653 3411 et
1696 3350 1938 3411 sublatis
1981 3349 2254 3411 manibus
2298 3349 2368 3409 ad
2401 3367 2596 3412 came·
2641 3359 2699 3411 ³5

455 3452 580 3496 ram
612 3436 872 3496 iuramus
906 3434 1305 3514 Hipparchum
1335 3438 1695 3513 Aratumque
1740 3435 2168 3515 comparandos
2212 3434 2292 3495 illi
2323 3435 2597 3499 homines

458 3539 578 3580 non
613 3520 818 3590 fuisse,
866 3520 1057 3581 donec
1086 3518 1455 3582 advenerunt
1483 3519 1736 3582 ministri
1780 3539 1846 3581 ac
1890 3520 2093 3582 toralia
2124 3529 2598 3599 praeposuerunt

455 3604 628 3676 toris,
674 3605 732 3664 in
768 3605 982 3682 quibus
1011 3605 1154 3666 retia
1198 3615 1364 3666 erant
1407 3606 1562 3685 picta
1602 3604 2094 3683 subsessoresque
2125 3623 2259 3666 cum
2290 3604 2597 3668 venabulis

459 3697 516 3749 et
545 3697 701 3750 totus
730 3689 1060 3750 venationis
1087 3699 1418 3769 apparatus.
1479 3690 1731 3752 necdum
1761 3689 2122 3763 sciebamus,
2179 3708 2288 3770 quo
2331 3690 2595 3752 mittere-

456 3792 589 3834 mus
618 3774 985 3852 suspiciones
1016 3784 1280 3848 nostraS‚
1328 3793 1463 3836 cum
1495 3786 1657 3836 extra
1701 3775 2023 3836 triclinium
2069 3775 2289 3835 clamor
2333 3774 2599 3837 sublatus
2639 3784 2697 3835 40

628 3979 654 4026 7
693 3974 922 4036 fortasse
956 3975 1217 4042 putastisfl
1249 3979 1306 4029 11
1346 3975 1641 4027 fericulusta
1678 3976 1778 4027 mel
1814 3975 2013 4027 habuit:
2050 3974 2279 4037 fortasse
2311 3977 2412 4029 iam
2449 3977 2594 4043 mein

462 4047 522 4096 16
561 4044 707 4095 arieti
742 4043 815 4094 illi
843 4042 862 4109 ΙΙ
889 4045 952 4096 36
990 4049 1310 4111 comparatos
1346 4043 1583 4095 Rohdius
1610 4043 1629 4110 ΙΙ
1653 4046 1715 4095 37
1757 4044 1936 4095 tolaria
1974 4050 2348 4110 proposuerunt
