2881 4580
1159 293 1443 349 PRIAPEA
2244 299 2364 363 151

1193 465 1401 527 LXIIII

447 568 696 640 Quidam
728 568 965 629 mollior
992 569 1218 631 anseris
1246 569 1499 630 medulla
1566 560 1572 566 ⁸

445 655 700 716 furatum
722 654 885 714 venit
907 653 1026 714 huc
1055 671 1255 714 amore
1286 672 1551 733 poenae:

449 740 681 801 furetur
709 739 847 801 licet
876 757 1083 818 usque,
1116 758 1239 800 non
1271 740 1501 801 videbo.

1223 892 1371 953 LXV

451 993 558 1055 Hic
586 994 713 1068 tibi,
745 993 848 1073 qui
878 1002 1073 1055 rostro
1106 995 1430 1056 crescentia
1461 995 1578 1056 lilia
1609 997 1834 1070 mersit,

526 1078 791 1141 caeditur
820 1098 853 1140 e
883 1078 1077 1160 tepida
1106 1079 1341 1141 victima
1369 1098 1590 1160 porcus
1621 1081 1789 1143 hara:

450 1183 526 1225 ne
556 1172 752 1227 tamen
788 1165 1121 1225 exanimum
1153 1164 1329 1226 facias
1357 1184 1543 1245 pecus
1573 1184 1769 1242 omne,
1803 1167 2031 1248 Priape,

527 1250 683 1311 horti
713 1250 806 1324 sit,
829 1250 1026 1322 facias,
1057 1250 1232 1311 ianua
1262 1251 1458 1312 clausa
1489 1251 1595 1311 tui.

1202 1402 1380 1463 LXVI

448 1499 557 1579 Tu,
590 1522 740 1583 quae
771 1523 848 1566 ne
878 1505 1075 1567 videas
1105 1513 1306 1566 notam
1335 1504 1579 1577 virilem,

446 1589 588 1650 hinc
618 1590 914 1664 averteris,
947 1599 1011 1652 ut
1041 1592 1212 1651 decet
1239 1590 1544 1670 pudicam:

448 1692 481 1735 a
512 1675 727 1736 mirum
761 1675 873 1737 nisi
903 1674 1062 1754 quod
1107 1676 1281 1737 times
1307 1675 1525 1747 videre,

447 1759 604 1825 intra
636 1761 860 1822 viscera
888 1761 1101 1822 habere
1133 1760 1527 1840 concupiscis,

1198 1913 1403 1975 LXVII

443 2015 776 2094 Penelopes
805 2015 1052 2095 primam
1085 2017 1334 2078 Didonis
1364 2015 1552 2097 prima
1582 2026 1865 2096 sequatur

525 2110 584 2161 et
612 2101 861 2181 primam
896 2100 1092 2163 Cadmi
1123 2099 1342 2182 syllaba
1370 2102 1561 2182 prima
1593 2101 1782 2174 Remi,

441 2186 723 2265 quodque
751 2188 818 2246 fit
848 2205 919 2247 ex
949 2187 1081 2261 illis,
1112 2188 1255 2248 mihi
1283 2195 1348 2247 tu
1378 2187 1708 2266 deprensus
1738 2187 1797 2247 in
1830 2188 2022 2260 horto,

525 2272 639 2347 fur,
671 2270 862 2334 dabis:
897 2272 1007 2334 hac
1036 2290 1226 2353 poena
1259 2272 1430 2349 culpa
1463 2273 1679 2335 luenda
1708 2280 1810 2334 tua
1841 2280 1944 2334 est.

1190 2424 1421 2487 LXVIII

445 2525 722 2590 Rusticus
753 2527 989 2588 indocte
1019 2527 1068 2588 si
1099 2526 1237 2606 quid
1269 2526 1482 2589 dixisse
1515 2521 1773 2599 videbor,
1882 2573 1887 2578 .

524 2611 597 2672 da
625 2612 882 2673 veniam:
915 2612 1101 2674 libros
1133 2631 1255 2673 non
1285 2611 1438 2690 lego,
1471 2628 1645 2691 poma
1675 2610 1826 2688 lego.

447 2698 550 2758 sed
580 2697 745 2758 rudis
773 2698 870 2757 hic
902 2698 1206 2759 dominum
1236 2697 1457 2759 totiens
1485 2696 1689 2757 audire
1718 2696 2013 2775 legentem

527 2800 711 2862 cogor
740 2782 1118 2845 Homeriacas
1146 2783 1479 2861 edidicique
1512 2790 1700 2842 notas.

449 2867 546 2928 ille
577 2876 763 2941 vocat,
796 2868 952 2947 quod
986 2887 1098 2930 nos
1129 2863 1385 2952 ψωλήν,
1415 2863 1756 2946 ψολόεντα
1784 2862 2119 2948 κεραυνόν,
2261 2877 2292 2927 5

528 2961 587 3013 et
618 2952 773 3031 quod
809 2972 918 3014 nos
949 2954 1167 3027 culum,
1196 2948 1469 3017 κουλεόν
1499 2952 1596 3013 ille
1625 2961 1813 3013 vocat.

443 3035 811 3120 μερὸαλέον
841 3047 1000 3099 certe
1032 3039 1143 3100 nisi
1174 3058 1270 3100 res
1301 3058 1423 3099 non
1457 3038 1677 3098 munda
1706 3046 1966 3111 vocatur,

529 3132 585 3184 et
615 3123 971 3201 pediconum
1001 3125 1262 3185 mentula
1292 3123 1585 3185 merdalea
1615 3133 1723 3183 est.

455 3205 640 3287 quid?
674 3209 785 3270 nisi
817 3208 1104 3270 Taenario
1137 3210 1455 3288 placuisset
1483 3207 1693 3269 Troica
1724 3225 1925 3268 cunno

530 3295 809 3369 mentula,
840 3295 998 3373 quod
1031 3304 1287 3370 caneret,
1317 3313 1439 3355 non
1475 3291 1775 3354 habuisset
1803 3309 1971 3370 opuS.
2236 3299 2293 3350 10

449 3379 714 3439 mentula
745 3379 1085 3441 Tantalidae
1115 3378 1270 3439 bene
1300 3379 1349 3439 si
1381 3397 1505 3440 non
1539 3387 1673 3439 nata
1703 3376 1927 3450 fuisset,

532 3463 631 3536 nil,
663 3465 866 3525 senior
897 3465 1144 3545 Chryses
1177 3465 1332 3543 quod
1366 3472 1740 3543 quereretur,
1773 3468 1915 3522 erat.

450 3548 595 3609 haec
624 3550 826 3610 eadem
856 3550 1080 3611 socium
1112 3560 1314 3610 tenera
1345 3548 1615 3628 spoliavit
1643 3546 1847 3619 amica,

532 3651 801 3713 quaeque
832 3642 957 3695 erat
984 3634 1286 3709 Aeacidae,
1317 3634 1524 3695 maluit
1554 3650 1682 3694 esse
1712 3649 1896 3693 suam.

235 3791 465 3838 movente
502 3786 768 3837 Heinsius.
840 3788 1047 3837 conieci
1098 3783 1277 3851 figuris
1313 3812 1379 3821 —-
1416 3786 1658 3834 contenta
1713 3795 1815 3832 non
1865 3784 1946 3832 est
1989 3779 2326 3847 pruriensque
2360 3779 2382 3846 ss

235 3845 358 3901 LXV
399 3858 420 3907 1
463 3852 638 3907 mersit
669 3855 676 3914 Ι
707 3856 741 3906 4
775 3852 1007 3915 fortasse
1044 3853 1111 3906 sit
1146 3852 1364 3919 posthac
1388 3851 1408 3918 ΙΙ
1433 3848 1586 3901 LXVI
1611 3853 1641 3904 3
1667 3849 1904 3902 nimirum
1939 3852 2035 3900 aul
2059 3848 2133 3901 nil
2158 3848 2336 3899 mirum
2361 3851 2380 3913 u

237 3913 398 3973 LXVII
436 3926 460 3977 1
499 3922 628 3975 Dido
665 3920 747 3974 fac
782 3922 884 3975 alii
918 3921 1100 3991 (Didus
1133 3921 1400 3983 Heinsius)
1432 3917 1442 3982 Ι
1473 3920 1503 3971 3
1539 3923 1595 3969 tu
1631 3918 1755 3969 mihi
1782 3918 2016 3983 plurimi
2057 3915 2078 3984 {l
2116 3914 2310 3967 LXVIII
2345 3919 2381 3968 4

240 3987 588 4043 corismeracas
636 3990 646 4055 Ι
688 3995 716 4044 5
754 3991 969 4057 psoleon
1006 3989 1096 4041 ille
1130 3993 1285 4041 vocat
1320 4002 1415 4040 nos
1452 3987 1592 4054 quod
1626 3986 1863 4054 psolenta
1900 4000 2154 4038 ceraunon
2201 3983 2212 4052 Ι
2260 3985 2291 4037 6
2326 3983 2379 4035 id

240 4056 369 4118 quod
403 4060 504 4111 alii
530 4060 541 4127 Ι
573 4063 601 4112 7
645 4059 761 4122 nisi]
798 4059 841 4111 si
882 4058 1139 4112 Weber-us
1169 4056 1178 4125 Ι
1210 4060 1240 4110 9
1279 4054 1415 4123 quod
1455 4057 1612 4108 libri:
1647 4056 1735 4122 qui
1772 4055 2020 4106 Heinsius
2049 4054 2057 4121 Ι
2092 4055 2152 4106 11
2191 4057 2313 4104 nota
