2881 4580
661 1123 842 1175 Cicero
889 1122 1317 1173 academicorum
1365 1127 1501 1187 post.
1552 1124 1579 1173 I
1623 1122 1657 1175 8
1709 1125 1768 1173 in
1800 1139 2032 1189 persona
2086 1122 2383 1175 Varronis.-
2447 1124 2500 1174 in
2536 1123 2636 1175 illis

387 1262 392 1265 ,
491 1208 755 1261 veteribus
810 1207 1027 1271 nostriS,
1080 1221 1211 1275 quae
1246 1205 1542 1273 Menippum
1578 1206 1791 1271 imitati,
1856 1222 1956 1259 non
2013 1207 2361 1274 interpretati,
2417 1207 2637 1275 quadam

491 1293 745 1351 hilaritate
781 1291 1184 1360 conspersimus,
1230 1308 1331 1359 quo
1384 1291 1584 1344 facilius
1632 1292 1801 1343 minus
1838 1291 1976 1344 docti
2012 1293 2370 1359 intellegerent
2406 1292 2639 1345 iucundi-

491 1385 597 1432 tate
634 1378 849 1446 quadam
887 1377 950 1429 ad
988 1377 1260 1444 legendum
1295 1378 1516 1442 invitati,
1551 1377 1712 1430 multa
1745 1367 1967 1443 admixta
2005 1393 2066 1430 ex
2091 1378 2266 1429 intima
2295 1378 2637 1445 philosophia,

491 1464 649 1516 multa
687 1463 821 1516 dicta
859 1462 1141 1515 dialectice.
1213 1463 1401 1514 deinde
1432 1466 1493 1513 in
1528 1478 1628 1514 sua
1659 1478 1890 1528 persona
1916 1462 2216 1515 Varronem
2262 1464 2545 1515 adlocutus
2578 1468 2641 1516 9.-

491 1549 868 1616 plurimumque
903 1547 1036 1600 idem
1074 1547 1240 1613 poetis
1277 1548 1466 1600 nostris
1503 1548 1814 1614 omninoque
1850 1547 2022 1599 latinis
2061 1552 2112 1600 et
2148 1534 2307 1599 li‘teris
2344 1547 2553 1601 luminis
2588 1554 2639 1601 et

491 1634 663 1688 verbis
699 1633 913 1686 attulisti
952 1637 1105 1700 atque
1143 1633 1252 1700 ipse
1301 1634 1496 1685 varium
1542 1638 1595 1684 et
1630 1631 1838 1699 elegans
1875 1632 2013 1685 omni
2064 1632 2169 1684 sere
2206 1647 2416 1685 numero
2457 1649 2636 1701 poema

494 1719 659 1771 fecisti
711 1718 1193 1785 philosophiamque
1251 1718 1427 1770 multis
1473 1717 1602 1770 locis
1637 1718 1917 1784 inchoasti,
1977 1717 2041 1770 ad
2085 1717 2451 1784 impellendum
2499 1721 2643 1784 satis,

490 1803 556 1856 ad
592 1803 903 1857 edocendum
938 1819 1132 1871 parum.

665 1889 1031 1953 Quintilianus
1062 1891 1416 1940 institutionis
1451 1892 1589 1940 orat.
1615 1888 1666 1940 Χ
1685 1891 1733 1951 1,
1768 1890 1866 1941 95.·
1903 1888 2116 1940 alterum
2151 1888 2278 1940 illud
2306 1890 2462 1940 etiam
2501 1890 2647 1955 prius>

495 1979 697 2026 saturae
732 1988 894 2039 genus
929 1972 1015 2025 sed
1057 1989 1157 2025 non
1183 1973 1290 2026 sola
1319 1973 1595 2026 carminum
1615 1973 1862 2025 varietate
1887 1973 2098 2025 mixtum
2124 1972 2353 2025 condidit
2370 1972 2642 2027 Terentius

497 2059 676 2124 Varro,
710 2060 788 2110 vir
825 2058 1166 2110 Romanorum
1202 2057 1590 2112 eruditissimus,

669 2146 873 2196 Probus
907 2147 1170 2211 interpres
1208 2144 1418 2209 Vergili
1451 2146 1545 2197 ecl.
1586 2145 1665 2197 VI
1693 2144 1793 2196 31:
1827 2142 1989 2209 Varro
2026 2144 2163 2210 quist
2200 2142 2506 2211 Menippeas
2544 2161 2641 2198 non

497 2245 525 2281 a
562 2230 827 2297 magistro,
883 2229 1027 2280 cuius
1062 2234 1203 2280 aetas
1248 2228 1401 2297 longe
1437 2232 1802 2295 praecesserat,
1838 2224 2144 2294 nominatus,
2180 2228 2270 2280 sed
2318 2243 2344 2279 a
2395 2230 2642 2285 societate

497 2315 713 2383 ingenii,
752 2314 889 2382 quod
926 2315 969 2366 is
995 2330 1211 2382 ,quoque
1248 2315 1524 2382 omnigeno
1560 2314 1782 2367 carmine
1819 2314 2001 2366 satiras
2038 2328 2157 2367 suas
2194 2315 2533 2380 expoliverat.

669 2400 867 2451 Gellius
912 2403 1148 2451 noctium
1183 2401 1291 2451 Att.
1329 2401 1388 2450 II
1419 2402 1513 2453 18.-
1570 2398 1842 2466 Menippus
1889 2399 2033 2451 cuius
2090 2398 2250 2450 libros
2293 2397 2361 2451 Μ.
2400 2399 2559 2453 Varro
2595 2401 2644 2452 in

503 2486 673 2538 satiris
709 2484 995 2537 aemulatus
1032 2491 1128 2549 est,
1164 2500 1293 2554 quas
1328 2485 1417 2537 alii
1455 2486 1680 2553 cynices,
1716 2485 1827 2552 ipse
1863 2483 2091 2553 appellat
2124 2482 2439 2551 Menippeas.

667 2572 1026 2637 Hieronymus
1072 2573 1130 2621 in
1178 2575 1417 2622 οωίττηιο
1463 2571 1641 2622 indice
1688 2572 1950 2622 librorum
1990 2571 2253 2632 Varronis
2296 2571 2449 2634 (mus.
2495 2573 2640 2623 rhen.

497 2655 606 2707 XII
628 2672 684 2722 p.
723 2658 842 2720 151)
876 2661 1252 2706 commemorat
1287 2657 1553 2708 satirarum
1589 2654 1970 2722 Menippearum
2008 2654 2166 2707 libros
2189 2654 2307 2718 -CL,
2352 2662 2642 2720 poematum

496 2740 657 2792 libros
692 2740 754 2803 X,
790 2740 1075 2792 orationum
1112 2740 1271 2793 libros
1289 2740 1440 2806 XXII,
1474 2739 2048 2808 pseudotragoediarum
2082 2739 2242 2792 libros
2261 2739 2345 2806 vl,
2381 2742 2652 2794 satirarum

396 2817 404 2826 ’
496 2824 654 2877 libros
686 2824 783 2877 llll.
