2881 4580
1166 329 1451 384 SATIRAE
2311 332 2390 392 91

177 520 248 571 Lo
408 505 503 566 hic
532 505 631 566 dat
657 503 785 565 vela
816 504 989 581 fugae
1014 502 1431 580 Fortunaeque
1464 502 1659 563 omnia
1691 502 1899 564 credit.

406 589 545 668 quid
574 597 694 649 tam
723 605 901 667 parva
931 583 1196 666 queror?
1238 587 1479 666 gemino
1510 605 1648 649 cum
1678 588 1924 650 consule
1953 587 2221 669 Magnus,

407 675 502 736 ille
533 686 762 735 tremor
792 672 967 733 Ponti
999 672 1274 750 saevique
1303 681 1581 752 repertor
1612 672 1897 754 Hydaspis

408 769 466 821 et
494 758 821 840 piratarum
850 758 1148 838 scopulus,
1180 758 1358 817 modo
1389 775 1569 836 quem
1597 765 1691 818 ter
1720 767 1991 819 ovantem
2222 768 2309 818 ²40

406 843 672 924 luppiter
698 843 1034 916 horruerat,
1067 859 1243 921 quem
1276 843 1465 902 fracto
1493 842 1725 921 gurgite
1757 843 1983 905 Pontus

406 938 465 989 et
491 936 811 989 veneratus
840 935 965 988 erat
994 926 1284 989 submissa
1314 926 1617 1007 Bosporos
1646 928 1825 1001 unda,

404 1031 516 1094 pro
545 1013 759 1092 pudor,
789 1012 1022 1091 imperii
1051 1012 1287 1073 deserto
1320 1012 1563 1073 nomine
1592 1013 1760 1091 fugit,

403 1108 472 1160 ut
500 1097 763 1159 Fortuna
792 1096 936 1158 levis
964 1097 1161 1175 Magni
1193 1114 1432 1176 quoque
1462 1105 1627 1176 terga
1659 1098 1900 1159 videret.

490 1200 634 1262 ergo
663 1189 825 1243 tanta
855 1182 984 1243 lues
1011 1182 1210 1243 divum
1241 1199 1484 1260 quoque
1515 1182 1759 1243 numina
1790 1183 1944 1257 vicit,
2221 1193 2307 1244 24⁵
2441 1186 2563 1247 124

405 1267 830 1346 consensitque
859 1267 1033 1345 fugae
1062 1266 1208 1329 caeli
1236 1267 1434 1327 timor.
1495 1284 1634 1328 ecce
1664 1285 1774 1346 per
1804 1267 2012 1329 orbem

405 1353 562 1413 mitis
590 1352 766 1413 turba
798 1350 975 1413 deum
1006 1359 1197 1413 terras
1226 1369 1403 1412 exosa
1434 1352 1705 1412 furentes

404 1437 619 1498 deserit
650 1445 828 1516 atque
858 1436 1168 1497 hominum
1200 1437 1541 1497 damnatum
1585 1435 1871 1497 avertitur
1897 1454 2130 1516 agmen.

406 1522 524 1582 Pax
554 1521 745 1602 prima
775 1530 914 1582 ante
939 1522 1084 1584 alias
1116 1522 1316 1582 niveos
1344 1521 1574 1601 pulsata
1604 1521 1855 1583 lacertos

402 1607 712 1669 abscondit
738 1606 904 1686 galea
932 1606 1152 1668 victum
1182 1615 1362 1686 caput
1388 1614 1567 1685 atque
1594 1606 1802 1667 relicto
2221 1616 2308 1667 250

406 1691 550 1753 orbe
580 1694 759 1771 fugax
787 1691 938 1752 Ditis
966 1692 1117 1771 petit
1143 1689 1512 1770 implacabile
1541 1709 1814 1770 regnum.

405 1777 540 1838 huic
573 1795 773 1838 comes
801 1776 848 1837 it
876 1776 1165 1838 submissa
1196 1776 1370 1837 Fides
1398 1784 1460 1838 et
1490 1776 1657 1837 crine
1686 1776 1881 1838 soluto

404 1861 630 1923 Iustitia
661 1881 730 1923 ac
761 1879 1034 1923 maerens
1063 1861 1255 1922 lacera
1278 1860 1609 1922 Concordia
1639 1861 1811 1940 palla.

405 1956 462 2008 at
490 1956 723 2020 contra,
752 1947 922 2008 sedes
950 1945 1131 2007 Erebi
1163 1965 1279 2025 qua
1308 1955 1485 2026 rupta
1514 1946 1783 2019 dehiscit,

406 2032 655 2111 emergit
681 2032 796 2092 late
827 2030 976 2092 Ditis
1005 2031 1242 2106 chorus,
1274 2030 1512 2092 horrida
1546 2031 1762 2110 Erinys
2219 2042 2309 2092 255

407 2127 466 2177 et
494 2116 740 2177 Bellona
772 2116 971 2176 minax
1001 2115 1347 2195 facibusque
1376 2126 1599 2178 armata
1632 2117 1900 2194 Megaera

405 2200 737 2280 Letumque
767 2200 1140 2278 Insidiaeque
1164 2210 1224 2262 et
1252 2201 1437 2262 lurida
1471 2199 1680 2261 Mortis
1708 2201 1919 2280 imago.

406 2305 551 2366 quas
582 2287 742 2348 inter
767 2285 977 2361 Furor,
1008 2285 1278 2367 abruptis
1308 2305 1416 2347 ceu
1451 2285 1605 2347 liber
1635 2284 1899 2358 habenis,

405 2372 798 2451 sanguineum
829 2371 944 2433 late
972 2371 1126 2432 tollit
1155 2379 1335 2451 caput
1364 2389 1587 2449 oraque
1619 2370 1775 2430 mille

403 2456 747 2518 vulneribus
777 2458 1051 2518 confossa
1081 2468 1328 2518 cruenta
1359 2456 1585 2517 casside
1615 2455 1784 2516 velat.
2223 2466 2310 2517 280

406 2544 611 2603 haeret
640 2542 889 2603 detritus
918 2541 1112 2603 laevae
1147 2541 1468 2602 Mavortius
1497 2539 1676 2602 umbo

405 2626 942 2689 innumerabilibus
968 2626 1105 2688 telis
1134 2626 1345 2706 gravis,
1377 2634 1556 2704 atque
1583 2625 1854 2705 flagranti

404 2712 601 2791 stipite
632 2711 832 2773 dextra
878 2711 1078 2772 minax
1107 2711 1282 2772 terris
1311 2710 1585 2771 incendia
1617 2719 1831 2790 portat.

487 2796 669 2858 sentit
694 2806 851 2857 terra
883 2795 1027 2859 deos
1056 2804 1394 2875 mutataque
1423 2797 1615 2858 sidera
1646 2796 1882 2876 pondus

407 2881 746 2961 quaesivere
774 2898 984 2954 suum3
1017 2898 1272 2959 namque
1304 2881 1502 2942 omnis
1528 2882 1690 2959 regia
1722 2881 1867 2942 caeli
2222 2890 2309 2942 265

407 2967 466 3026 in
497 2974 698 3046 partes
726 2966 962 3027 diducta
992 2966 1132 3027 ruit.
1193 2966 1575 3046 primumque
1603 2966 1794 3027 Dione

408 3051 672 3113 Caesaris
702 3061 830 3113 acta
861 3051 953 3112 sui
985 3050 1165 3123 ducit,
1199 3050 1399 3111 coines
1443 3050 1678 3112 additur
1706 3050 1789 3112 illi

412 3135 600 3197 Pallas
631 3147 688 3197 et
718 3136 1026 3215 ingentem
1060 3136 1330 3214 quatiens
1362 3135 1680 3197 Mavortius
1709 3136 1954 3198 hastam.

403 3220 685 3300 Magnum
713 3239 848 3282 cum
881 3220 1123 3281 Phoebo
1152 3238 1327 3282 soror
1355 3232 1415 3280 et
1446 3220 1705 3300 Cyllenia
1737 3220 1936 3300 proles

408 3306 624 3386 excipit
652 3323 721 3367 ae
750 3306 892 3366 totis
919 3305 1126 3368 similis
1155 3305 1505 3385 Tirynthius
1534 3305 1697 3366 actis.
2010 3359 2015 3364 ,
2226 3310 2313 3361 270

491 3391 858 3452 intremuere
885 3389 1066 3452 tubae
1096 3408 1166 3451 ac
1195 3390 1378 3451 scisso
1411 3390 1712 3451 Discordia
1742 3389 1910 3450 crine

408 3476 618 3537 extulit
645 3476 715 3536 ad
747 3493 1000 3554 superos
1029 3475 1294 3555 Stygium
1329 3483 1524 3554 caput.
1586 3474 1760 3535 huius
1789 3474 1848 3534 in
1884 3488 1988 3534 ore

408 3570 728 3623 concretus
756 3560 1017 3637 sanguis,
1049 3569 1418 3639 contusaque
1450 3560 1673 3620 lumina
1703 3557 1958 3619 flebant:

407 3644 645 3707 stabant
675 3645 857 3707 aerati
887 3644 1096 3705 scabra
1126 3644 1402 3724 rubigine
1432 3645 1663 3716 denteS‚

408 3730 544 3791 tabo
573 3731 777 3828 lingua
805 3730 1018 3802 fluens,
1050 3729 1287 3792 obsessa
1318 3728 1681 3789 draconibus
1712 3745 1834 3799 ora,
2227 3735 2316 3786 275

408 3824 588 3895 atque
616 3816 933 3876 intertorto
963 3815 1276 3876 laceratam
1304 3822 1546 3894 pectoie
1576 3820 1795 3874 vestem

409 3950 511 4003 239
535 3947 708 4000 Parthi
745 3951 952 4000 conieci
974 3948 995 4015 11
1022 3949 1115 4000 241
1157 3949 1360 3998 ornarat
1382 3945 1722 3998 Schrader-us
1746 3946 1766 4013 ΙΙ
1792 3947 1889 3998 245
1927 3942 2098 4011 viditu
2126 3946 2223 3996 250
2261 3942 2399 4009 palla

243 4014 578 4069 Solio-adema
615 4017 637 4082 fl
681 4018 779 4069 267
816 4031 953 4068 arma
974 4017 1387 4077 Passernatiusu
1416 4017 1517 4068 269
1540 4028 1830 4081 magnaque
1867 4028 1982 4066 cum
2020 4012 2039 4079 ΙΙ
2078 4014 2174 4108 271
2210 4026 2270 4064 ac
2296 4026 2399 4063 om.

245 4084 414 4137 coiea:
447 4086 731 4137 Pan-rium
765 4084 905 4137 8049
929 4084 949 4151 ΙΙ
974 4085 1072 4137 273
1106 4082 1337 4144 fortasse
1372 4082 1496 4135 fletu
1522 4081 1544 4150 fl
1569 4085 1670 4135 274
1703 4082 1818 4133 irati
1998 4103 1999 4106 ¹
