2881 4580
1128 297 1177 349 Μ
1184 297 1504 351 ΕΝΙΡΡΕΑΕ
2269 297 2301 354 1
2311 297 2344 356 7
2354 297 2391 356 3

1226 471 1270 528 V

440 558 713 619 Socrates
744 575 879 617 cum
910 557 972 617 in
999 557 1246 619 vinculis
1275 472 1530 636 afflictis
1561 565 1715 619 esset
1747 566 1805 617 et
1834 557 1950 617 iam
1984 556 2229 619 bibisset
2269 552 2398 619 κώ·
2441 566 2510 617 99-

238 666 441 722 vetor,
475 643 534 704 in
568 641 776 704 exodio
805 643 953 703 vitae

1213 761 1258 819 V

442 847 622 909 habes
651 847 751 926 qui
785 857 843 908 et
873 847 1041 908 cuius
1071 846 1156 907 rei
1188 759 1648 908 catlilsfgecerim
1691 844 2121 907 hecatomben:
2170 845 2231 906 in
2280 864 2398 924 quo
2443 852 2528 903 100

235 952 356 1013 ego
386 943 453 995 ut
484 941 643 1013 puto,
675 932 953 1011 quoniam
988 943 1076 994 est
1105 931 1270 992 luere
1302 931 1547 1006 solvere,
1580 932 1756 993 lutavi

1110 1097 1530 1150 ENDYM10NES
1553 1062 1558 1067 ’

763 1297 831 1350 ut
858 1288 1214 1350 Mercurium
1248 1203 1541 1349 ³A(r8c)adon
1574 1288 1852 1350 colonum
2446 1294 2529 1344 101

312 1577 324 1590 .
385 1577 397 1589 ⁶
448 1492 868 1554 discumbimus
910 1494 1183 1567 mussan,
1241 1407 1520 1554 {iloffiinus
1564 1501 1797 1553 maturo
1844 1510 1952 1552 ovo
1997 1507 2206 1551 cenam
2236 1507 2398 1550 com·
2445 1497 2566 1549 102’

242 1585 426 1638 mittit
1212 1662 1291 1723 m
1323 1664 1412 1740 (6)

448 1747 584 1809 dum
617 1765 893 1810 sermone
924 1747 1192 1809 cenulam
1225 1750 1533 1822 variamus,
2119 1773 2125 1779 ·
2446 1751 2530 1802 103

657 1832 882 1894 interea
913 1834 1109 1894 tonuit
1139 1832 1292 1896 bene
1322 1840 1672 1915 tempestate
1693 1851 1902 1895 serena

1184 1949 1311 2012 '1111
1345 1952 1432 2032 (5)

446 2036 685 2097 divitum
732 2037 1047 2116 amphoras
1090 2037 1261 2098 Chias
1305 2039 1375 2097 ad
1424 2056 1802 2100 communem
1844 2044 2078 2099 revocat
2106 2035 2398 2096 matellam
2444 2042 2531 2094 104

1248 2157 1289 2215 V
1323 2159 1411 2235 (¹)

449 2241 707 2302 animum
742 2240 909 2302 mitto
941 2242 1306 2321 speculatum
1338 2249 1462 2303 tota
1492 2241 1674 2316 urbe,
1736 2250 1801 2303 ut
1831 2242 1970 2321 quid
2002 2243 2264 2302 facerent
2295 2238 2404 2301 ho·
2448 2247 2532 2299 105

250 2324 458 2400 mineS,
491 2344 624 2388 cum
657 2328 984 2406 experrecti
1016 2327 1164 2400 sint,
1198 2347 1292 2388 me
1322 2328 1545 2393 faceret
1573 2326 1919 2401 certiorem3
1966 2327 2150 2407 siquis
2192 2326 2401 2387 melius

249 2429 487 2490 operam
519 2421 807 2487 sumeret,
857 2421 922 2472 ut
961 2413 1086 2474 eius
1117 2413 1364 2474 consilio
1395 2412 1595 2493 potius
1629 2411 1886 2491 vigilium
1919 2410 2401 2472 adminicularem

251 2505 536 2558 nostrum.
599 2497 736 2576 quid
770 2497 909 2558 vidit
939 2497 1092 2559 aliud
1128 2509 1431 2559 curantem
1466 2507 1728 2558 extremo
1761 2497 1951 2559 noctis
1981 2506 2249 2576 tempore

450 2701 548 2778 qui
581 2702 627 2761 si
661 2711 727 2761 ut
757 2700 997 2779 vigilare
1029 2711 1255 2763 matura
1290 2701 1558 2781 coepiSti‚
1592 2701 1653 2762 in
1686 2721 1757 2762 eo
1788 2714 1841 2765 te
1869 2701 2189 2763 retinueris
2448 2707 2533 2758 106
2579 2744 2580 2747 ¹

1212 2821 1311 2881 VII
1345 2821 1430 2897 (2)

449 2920 629 2981 quare
654 2904 718 2966 ·si
766 2906 826 2965 in
859 2924 1135 2966 somnum
1179 2907 1495 2968 reccideris
1539 2913 1597 2967 et
1640 2896 1811 2990 ἆωρί
1841 2927 2010 2969 ποτε
2040 2904 2156 2966 eris
2188 2904 2401 2965 iterum
2448 2912 2529 2964 107

251 2998 632 3068 exporrectus

799 3125 804 3129 .
1208 3076 1337 3137 VIII
1370 3078 1461 3152 (7)

450 3158 535 3220 sic
565 3159 632 3219 ad
666 3178 768 3220 vos
801 3159 972 3222 citius
1003 3160 1286 3241 opinione
1317 3159 1765 3222 vertilahundus
1795 3161 1973 3222 miser
2003 3158 2193 3221 decidi
2450 3167 2534 3220 108

374 3329 490 3447 399Ι
518 3325 585 3378 Ν.
618 3342 671 3391 p.
711 3327 772 3378 27
811 3326 1071 3379 exodium:
1128 3329 1404 3394 legebatur
1436 3332 1498 3379 in
1532 3333 1719 3379 satura
1758 3332 1880 3378 ante
1915 3326 1989 3387 fr.
2026 3329 2090 3379 98
2134 3325 2154 3392 ΙΙ
2201 3326 2297 3377 100
2333 3324 2422 3376 Ν.’

248 3411 300 3461 p.
342 3399 367 3448 1
414 3398 436 3447 1
496 3394 634 3446 utavi
1654 3427 1661 3433 -

422 3466 516 3516 101
554 3462 622 3514 Ν.
650 3478 707 3527 p.
748 3465 844 3515 250
898 3462 1092 3515 colere:
1136 3469 1315 3529 potest
1363 3480 1466 3530 pro
1520 3464 1961 3530 hendecasyllabo
2007 3465 2147 3528 pom·
2195 3462 2407 3512 ionicus

248 3547 430 3582 versus
464 3529 484 3597 11
526 3533 624 3583 102
661 3530 729 3581 Ν.
761 3548 817 3597 ρ.-
855 3533 953 3583 249
990 3533 1310 3585 committere
1346 3538 1398 3582 et
1424 3549 1483 3598 p.
1522 3535 1620 3586 282
1657 3531 1895 3584 dominus
1932 3535 1985 3581 et
2011 3547 2066 3597 p.
2105 3533 2204 3583 349
2241 3533 2404 3581 matu·

247 3614 357 3650 rum
387 3600 398 3665 1
428 3599 641 3650 mussati
670 3615 726 3664 p.
766 3601 891 3652 282:
927 3601 1144 3652 muscati
1182 3616 1239 3667 p.
1278 3603 1407 3664 349,
1459 3601 1606 3653 multi
1651 3617 1702 3666 p.
1742 3601 1840 3653 249
1889 3600 1899 3663 Ι
1945 3604 2144 3652 maturo
2190 3614 2290 3649 ovo
2340 3597 2404 3649 ad

249 3682 424 3719 cenam
457 3683 510 3732 p.
549 3670 665 3729 349,
703 3673 896 3718 matura
935 3683 1112 3720 cenam
1142 3684 1199 3734 p.
1239 3671 1353 3732 249,
1390 3667 1750 3720 mandarenam
1782 3684 1835 3733 p.
1863 3669 1977 3721 282.
2044 3667 2148 3718 lusi
2182 3666 2403 3719 mulsum

245 3735 485 3787 dominus
520 3742 768 3802 maturaq.
808 3751 904 3787 ova
942 3736 1045 3801 dat,
1082 3752 1258 3789 cenam
1294 3739 1313 3804 11
1355 3740 1450 3790 103
1486 3736 1554 3790 Ν.
1584 3753 1641 3803 p.
1678 3738 1779 3790 408
1817 3740 2094 3802 tempestas
2138 3735 2157 3804 11
2203 3738 2302 3788 104
2337 3733 2405 3787 Ν.

240 3819 297 3869 p.
324 3804 423 3856 543
461 3803 668 3855 matella
702 3804 710 3870 1
741 3805 992 3870 aphocas:
1031 3805 1309 3870 apothecas
1339 3804 1614 3857 Turnebus
1649 3805 1667 3871 11
1704 3808 1800 3857 105
1836 3803 1902 3856 Ν.
1921 3821 1980 3871 p.
2011 3806 2110 3856 232
2145 3803 2353 3870 vigiliae
2396 3804 2405 3870 1

243 3886 400 3939 opera
441 3879 663 3923 sumeret
692 3875 712 3938 -1
756 3873 844 3939 qni
890 3872 1031 3924 videt
1066 3873 1220 3925 alium
1259 3874 1427 3925 codex
1460 3890 1602 3925 unus
1628 3877 1809 3940 prima
1845 3889 2010 3924 manu
2057 3873 2067 3941 1
2108 3878 2404 3925 curvantem

248 3947 471 3993 extrema
518 3940 538 4006 11
584 3942 680 3992 106
723 3941 789 3992 Ν.
819 3957 876 4008 p.
915 3943 1012 3995 349
1049 3947 1297 3993 maturum
1329 3945 1338 4009 1
1371 3941 1555 4008 quodsi
1594 3941 1867 3993 Vahlenus
1896 3943 1904 4003 Ι
1935 3946 2130 3999 mature
2166 3942 2355 3993 Iunius
2386 3942 2406 4007 11

251 4007 452 4129 10735Ιὲῐ.
470 4023 521 4072 p.
541 4010 609 4087 ,47
647 4015 998 4079 exporrectum
1042 4010 1049 4076 1
1082 4024 1295 4077 quaeres
1332 4011 1383 4062 in
1409 4011 1673 4063 somnium
1706 4013 1715 4078 1
1746 4014 1798 4062 et
1823 4005 2148 4080 ὃδουρεποτε
2171 4010 2191 4078 11
2221 4011 2316 4065 108
2336 4007 2405 4061 Ν.

240 4093 293 4142 p.
470 4090 642 4142 opimo
2201 4110 2204 4111 ν
