2881 4580
1177 305 1457 361 SATlRAE
2302 308 2382 369 73

182 485 362 542 Lmus
390 499 502 542 nos
532 487 864 540 extremum
895 479 1194 541 solacium.
1255 456 1420 541 nunc
1449 481 1699 544 mimicis
1730 481 1955 544 artibus
1984 483 2151 562 petiti
2180 501 2387 546 sumus

239 576 293 629 et
319 565 666 627 adumbrata
696 565 1085 645 inscriptione
1116 565 1333 626 derisi'.

398 649 637 713 volebat
679 650 1031 730 Tryphaena
1075 651 1371 722 misereri,
1427 652 1566 730 quia
1625 671 1748 714 non
1796 613 1979 714 totam
2022 653 2382 731 voluptatem

236 737 594 817 perdiderat,
639 736 741 797 sed
774 735 983 797 Lichas
1011 754 1240 797 memor
1283 736 1475 798 adhuc
1501 737 1702 799 uxoris
1732 748 2054 818 corruptae·
2076 747 2386 801 con-tume-

173 833 198 882 5
232 822 579 901 liarumque,
612 840 759 900 quas
786 821 849 882 in
879 821 1151 883 Herculis
1180 822 1415 901 porticu
1445 831 1771 903 acceperat,
1800 821 2037 884 turbato
2069 823 2387 893 vehemen-

237 909 346 969 tius
375 908 541 968 vultu
571 907 928 986 proclamat:
962 907 1124 969 ‘deos
1152 908 1513 969 immortales
1543 927 1744 971 rerum
1774 909 2165 970 humanarum
2209 928 2385 989 agere

235 1011 451 1067 curam,
481 1002 647 1072 puto,
677 992 1032 1066 intellexisti,
1065 1012 1100 1054 o
1132 993 1500 1073 Tryphaena.
1563 1012 1698 1054 nam
1741 994 2148 1074 imprudentes
2178 995 2388 1056 noxios

236 1078 292 1139 in
336 1087 613 1140 nostrum
659 1077 946 1139 induxere
978 1078 1304 1158 navigium,
1349 1087 1408 1140 et
1439 1078 1583 1157 quid
1612 1079 1920 1154 fecissent,
1951 1079 2391 1142 admonuerunt

236 1164 354 1242 pari
383 1163 760 1225 somniorum
790 1181 1106 1225 consensu.
1166 1164 1241 1224 ita
1271 1162 1421 1237 vide,
1453 1174 1518 1224 ut
1545 1165 1732 1244 possit
1775 1165 1888 1226 illis
1931 1165 2192 1244 ignosci,
2238 1184 2390 1244 quos

153 1258 202 1310 10
237 1249 303 1310 ad
330 1267 589 1329 poenam
634 1248 762 1328 ipse
807 1249 952 1310 deus
995 1248 1254 1310 deduxit.
1342 1248 1504 1327 quod
1546 1251 1615 1310 ad
1663 1268 1757 1310 me
1801 1251 2038 1325 attinet,
2087 1270 2211 1312 non
2257 1270 2389 1312 sum

238 1335 508 1409 crudeIiS,
541 1335 641 1396 sed
675 1352 902 1407 vereor,
937 1352 1012 1395 ne
1044 1333 1202 1413 quod
1233 1334 1540 1408 remisero,
1572 1335 1797 1419 patiar'.
1843 1345 1961 1396 tam
1982 1336 2387 1414 superstitiosa

238 1421 502 1481 oratione
548 1419 897 1500 Tryphaena
953 1427 1173 1481 mutata
1232 1427 1410 1497 negat
1471 1438 1533 1481 se
1579 1413 1959 1499 interpellare
2010 1420 2386 1500 supplicium,

236 1505 405 1566 immo
435 1504 724 1566 accedere
769 1505 943 1565 etiam
989 1504 1339 1567 iustissimae
1385 1505 1616 1566 ultioni.
1675 1524 1786 1567 nec
1828 1524 1892 1567 se
1937 1506 2135 1566 minus
2177 1506 2386 1584 grandi

235 1599 494 1652 vexatam
526 1590 740 1651 iniuria
763 1609 941 1670 quam
958 1590 1218 1664 Licham,
1249 1591 1418 1651 cuius
1447 1590 1693 1669 pudoris
1723 1591 2024 1670 dignitas
2008 1611 2069 1652 m
2102 1591 2383 1652 contione

124 1684 198 1735 .15
236 1677 563 1756 proscripta
593 1675 672 1736 sit

1294 1763 1329 1802 ιιι

398 1851 555 1919 ‘me,
591 1854 654 1906 ut
682 1855 859 1925 puto,
891 1845 1193 1907 hominem
1224 1865 1347 1907 non
1378 1846 1680 1925 ignotum,
1713 1847 2023 1925 elegerunt
2051 1846 2123 1907 ad
2154 1847 2267 1907 hoc
2298 1848 2387 1907 of·
2436 1849 2559 1910 107

234 1931 425 1991 ficium
477 1926 785 2016 [legatum]
831 1931 1283 2009 petieruntque,
1344 1941 1411 1993 ut
1465 1951 1528 1993 se
1580 1933 2027 1993 reconciliarem
2071 1932 2387 2011 aliquando

237 2017 617 2097 amicissimis.
679 2016 792 2077 nisi
837 2017 991 2077 sorte
1035 2017 1253 2096 putatis
1295 2017 1539 2079 iuvenes
1582 2035 1721 2078 casu
1766 2019 1827 2079 in
1861 2018 1966 2080 has
2009 2018 2210 2097 plagas
2239 2017 2388 2078 inci-

237 2101 401 2175 disse,
448 2120 592 2162 cum
624 2101 819 2163 omnis
848 2109 1050 2163 vector
1079 2102 1226 2163 nihil
1259 2103 1423 2180 prius
1454 2112 1724 2181 quaerat,
1757 2108 1935 2181 quam
1966 2103 2136 2165 cuius
2165 2121 2229 2165 se
2259 2102 2390 2162 dili-

152 2196 201 2248 m
236 2188 460 2266 gentiae
495 2186 718 2248 credat.
777 2187 992 2248 flectite
1023 2204 1171 2269 ergo
1211 2195 1442 2249 mentes
1470 2188 1869 2249 satisfactione
1900 2188 2138 2260 lenitas,
2183 2195 2243 2247 et
2284 2205 2390 2265 pa·

238 2273 418 2335 timini
464 2272 690 2335 liberos
734 2271 1005 2335 homines
1049 2272 1134 2334 ire
1188 2273 1318 2334 sine
1361 2273 1607 2347 iniuria,
1669 2292 1787 2352 quo
1845 2271 2160 2334 destinant.
2234 2272 2388 2333 saevi

240 2376 473 2439 quoque
522 2358 1040 2438 implacabilesque
1085 2358 1307 2419 domini
1352 2358 1761 2420 crudelitatem
1817 2376 1981 2418 suam
2041 2357 2388 2436 impediunt,

240 2444 284 2505 si
310 2446 553 2523 quando
584 2443 947 2523 paenitentia
978 2444 1252 2524 fugitivos
1281 2443 1532 2518 reduxit,
1565 2451 1624 2503 et
1653 2442 1942 2504 dediticiis
1966 2441 2234 2504 hostibus
2253 2461 2389 2523 par-

243 2530 437 2593 cimus.
500 2529 648 2609 quid
691 2529 845 2590 ultra
888 2529 1086 2609 petitis
1129 2539 1228 2590 aut
1273 2529 1413 2607 quid
1462 2526 1677 2590 vultis?
1721 2528 1783 2588 in
1828 2536 2154 2608 conspectu
2198 2536 2392 2589 vestro

157 2623 205 2675 26
240 2616 531 2695 supplices
562 2615 759 2675 iacent
788 2615 1030 2676 iuvenes
1052 2615 1318 2693 ingenui,
1348 2614 1602 2689 honesti,
1634 2622 1693 2675 et
1714 2614 1874 2692 quod
1899 2622 2155 2692 utroque
2178 2622 2393 2693 poten-

241 2700 351 2762 tius
392 2709 515 2775 est,
566 2700 951 2761 familiaritate
983 2699 1147 2761 vobis
1175 2699 1490 2778 aliquando
1523 2700 1846 2761 coniuncti.
1932 2699 1982 2761 si
2024 2698 2393 2760 mehercules

241 2784 709 2847 intervertissent
736 2785 1052 2866 pecuniam
1082 2798 1364 2858 vestram,
1412 2786 1461 2847 si
1495 2786 1667 2846 fidem
1699 2785 2036 2864 proditione
2066 2785 2394 2858 laesissent,

242 2872 430 2933 satiari
460 2880 665 2933 tamen
697 2871 1038 2951 potuissetis
1066 2870 1175 2931 hac
1206 2889 1432 2949 poena,
1478 2889 1655 2949 quam
1696 2871 1922 2932 videtis.
1980 2871 2213 2932 servitia
2254 2889 2393 2931 ecce

242 2955 299 3016 in
342 2955 648 3019 frontibus
702 2956 947 3018 cernitis
1003 2965 1063 3016 et
1115 2956 1309 3017 vultus
1352 2956 1650 3036 ingenuos
1693 2956 2021 3018 voluntaria
2064 2974 2395 3037 poenarum

156 3048 205 3099 30
240 3040 364 3120 lege
404 3041 819 3122 proscriptos.'
891 3041 1285 3120 interpellavit
1326 3042 1805 3121 deprecationem
1863 3041 2137 3121 supplicii
2181 3042 2394 3103 Lichas

243 3135 299 3187 et
325 3127 484 3191 ‘noli’
519 3127 716 3205 inquit
745 3133 1003 3189 ‘causam
1033 3127 1422 3201 confundere,
1454 3126 1558 3188 sed
1588 3127 1830 3207 impone
1860 3128 2109 3206 singulis
2131 3128 2391 3187 modum.

243 3229 307 3273 ac
346 3214 610 3293 primum
655 3213 957 3287 omnium,
1002 3211 1052 3274 si
1094 3212 1251 3273 ultro
1292 3221 1619 3285 venerunt,
1666 3231 1774 3273 cur
1803 3213 2099 3273 nudavere
2128 3209 2395 3273 crinibus

244 3296 473 3377 capita?
521 3298 748 3359 vultum
793 3298 953 3358 enim
998 3298 1100 3376 qui
1130 3305 1455 3395 permutat,
1501 3298 1768 3358 fraudem
1814 3307 2013 3379 parat,
2061 3315 2182 3357 non
2228 3295 2397 3357 satis-

244 3383 578 3446 factionem.
654 3383 901 3456 deinde,
959 3382 1009 3444 si
1051 3383 1299 3461 gratiam
1343 3400 1375 3443 a
1419 3382 1614 3462 legato
1661 3382 2086 3453 moliebantur,
2133 3380 2275 3458 quid
2318 3381 2398 3440 ita

156 3474 206 3525 35
245 3470 435 3530 omnia
479 3469 699 3541 fecisti,
745 3477 813 3528 ut
848 3487 1006 3566 quos
1051 3468 1339 3542 tuebaris,
1385 3464 1827 3529 absconderes?
1872 3484 1944 3526 ex
1989 3484 2107 3544 quo
2150 3476 2400 3545 apparet

247 3571 381 3616 casu
410 3553 692 3615 incidisse
722 3554 934 3615 noxios
963 3554 1025 3614 in
1056 3553 1257 3633 plagas
1288 3562 1347 3614 et
1376 3561 1437 3614 te
1467 3561 1650 3613 artem
1677 3550 1992 3631 quaesisse,
2018 3568 2136 3629 qua
2159 3560 2398 3613 nostrae

245 3638 766 3701 animadversionis
820 3638 1106 3719 impetum
1150 3638 1438 3700 eluderes.
1529 3655 1663 3698 nam
1723 3636 1882 3715 quod
1937 3637 2213 3699 invidiam
2255 3637 2402 3698 facis

246 3724 415 3787 nobis
445 3726 743 3801 ingenuos
772 3724 1175 3802 honestosque
1206 3723 1531 3796 clamando,
1557 3723 1702 3796 vide,
1727 3741 1805 3783 ne
1834 3722 2190 3784 deteriorem
2219 3724 2396 3784 facias

245 3808 603 3871 confidentia
631 3828 883 3872 causam.
950 3809 1091 3889 quid
1122 3808 1343 3870 debent
1369 3808 1511 3869 laesi
1541 3808 1752 3883 facere,
1795 3807 1899 3868 ubi
1929 3808 2015 3869 rei
2045 3809 2117 3870 ad
2139 3827 2395 3889 poenam

413 4015 446 4065 9
482 4011 648 4078 prosit
673 4011 693 4077 ΙΙ
719 4015 784 4064 14
819 4013 1024 4063 conieci
1056 4009 1222 4078 pudor
1257 4013 1309 4061 et
1334 4009 1355 4077 ΙΙ
1382 4013 1445 4065 16
1487 4013 1840 4076 praemissum
1874 4010 2155 4077 Eumolpus
2187 4012 2194 4075 Ι
2226 4011 2394 4077 ingra-

249 4085 353 4132 tum
388 4079 629 4131 stolidius
652 4078 672 4146 ΙΙ
697 4081 762 4132 30
799 4079 1046 4147 supplicis
1071 4078 1091 4146 ΙΙ
1117 4081 1184 4133 34
1211 4084 1348 4145 puto
1384 4079 1597 4145 gratiam
1633 4083 1688 4131 te
1722 4079 1895 4146 legato
