2881 4580
1218 294 1498 348 sArfflAE
2340 301 2416 360 6¹7

1334 487 1366 522 t

190 556 235 606 L
428 551 768 630 Eumolpus
812 561 1038 625 autem,
1100 552 1237 629 quia
1283 551 1590 613 effractum
1638 553 1851 614 ostium
1898 555 2080 617 cellae
2126 558 2420 619 neminem

253 644 493 715 poterat
537 637 884 712 excludere,
930 637 1207 715 irrumpit
1247 637 1630 715 perturbatus
1661 647 1718 699 et
1750 639 1967 701 ‘mille'
1997 641 2194 721 inquit
2223 648 2417 704 ‘num-

254 739 385 783 mos
443 721 681 795 inveni3
739 721 856 782 iam
901 722 1063 783 enim
1108 740 1432 801 persequar
1478 722 1794 784 abeuntem
1841 743 2197 804 praeconem
2252 737 2311 789 et
2354 729 2413 790 in

253 814 550 886 potestate
595 815 695 867 tua
741 826 868 868 esse
909 806 1185 868 Gitonem
1229 808 1602 868 meritissima
1648 809 1985 888 proditione
2029 812 2413 878 monstrabo'.

179 903 209 952 5
252 911 447 971 genua
481 911 592 971 ego
628 893 1057 971 perseverantis
1086 891 1428 972 amplector,
1464 912 1539 954 ne
1569 894 1894 957 morientes
1924 895 2095 957 vellet
2125 898 2414 974 occidere,

255 987 313 1038 et
341 977 599 1038 ‘merito'
631 978 873 1056 inquam
906 978 1401 1052 ‘excandesceres,
1434 978 1483 1039 si
1514 997 1720 1058 posses
1750 981 2045 1059 perditum
2080 984 2411 1044 ostendere.

255 1081 420 1124 nunc
449 1062 612 1123 inter
642 1062 871 1124 turbam
903 1081 1055 1144 puer
1085 1063 1251 1140 fugit,
1284 1081 1398 1123 nec
1430 1081 1550 1142 quo
1579 1064 1808 1139 abierit,
1841 1067 2126 1147 suspicari
2152 1087 2414 1148 possum.

252 1167 362 1227 per
395 1148 609 1220 fidem,
655 1146 978 1228 Eumolpe,
1023 1149 1205 1208 reduc
1237 1165 1490 1226 puerum
1521 1157 1581 1209 et
1609 1149 1699 1209 vel
1728 1151 1964 1231 Ascylto
1997 1153 2213 1214 redde’.
2273 1155 2414 1214 dum

251 1235 396 1294 haec
428 1251 544 1311 ego
576 1233 691 1293 iam
722 1234 988 1295 credenti
1017 1232 1374 1313 persuadeo,
1421 1232 1598 1294 Giton
1630 1233 1980 1297 collectione
2011 1238 2255 1317 spiritus
2285 1239 2413 1319 ple-

153 1327 210 1378 10
254 1338 369 1380 nus
412 1327 511 1379 ter
554 1318 844 1379 continuo
890 1320 968 1380 ita
1012 1318 1390 1390 sternutavit,
1452 1325 1518 1378 ut
1560 1319 1869 1397 grabatum
1914 1332 2278 1384 concuteret.
2340 1325 2411 1385 ad

252 1422 433 1483 quem
476 1412 704 1464 motum
737 1403 1063 1484 Eumolpus
1094 1421 1418 1464 conversus
1448 1403 1669 1465 salvere
1700 1403 1915 1466 Gitona
1946 1406 2126 1467 iubet.
2187 1417 2411 1469 remota

251 1489 425 1551 etiam
474 1488 689 1550 culcita
732 1490 887 1550 videt
932 1489 1186 1559 Vlixem,
1240 1488 1337 1549 cui
1382 1488 1473 1548 vel
1518 1490 1784 1551 esuriens
1828 1490 2093 1571 Cyclops·
2123 1494 2413 1571 potuisset

248 1592 518 1654 parcere.
579 1591 717 1634 mox
761 1592 1083 1637 conversus
1126 1575 1196 1634 ad
1242 1592 1337 1633 me
1368 1573 1529 1652 ‘quid
1576 1574 1683 1636 est'
1715 1575 2156 1654 inquit⁴la1ro?
2201 1596 2277 1639 ne
2308 1578 2410 1639 de-

249 1659 588 1739 prehensus
631 1660 871 1737 quidem
916 1679 1094 1723 ausus
1138 1676 1202 1719 es
1247 1657 1388 1718 mihi
1434 1677 1635 1719 verum
1682 1660 1894 1722 dicere.
1955 1663 2136 1723 immo
2174 1663 2235 1724 ni
2266 1664 2411 1725 deus

152 1753 204 1803 15
249 1745 493 1824 quidam
545 1746 940 1807 humanarum
985 1762 1182 1806 rerum
1231 1743 1452 1804 arbiter
1494 1746 1780 1823 pendenti
1825 1766 2013 1826 puero
2061 1750 2412 1811 excussisset

245 1829 569 1901 indicium,
602 1830 801 1892 elusus
832 1832 987 1892 circa
1024 1829 1273 1912 popinas
1305 1829 1596 1890 errarem'

1314 1936 1346 1972 *

419 1999 597 2059 Giton
646 1998 824 2078 longe
869 1999 1141 2060 blandior
1172 2016 1346 2077 quam
1378 2018 1523 2077 ego,
1567 1999 1822 2079 primum
1856 2000 2090 2062 araneis
2120 2002 2249 2062 oleo
2284 2021 2406 2063 ma-

245 2083 532 2145 dentibus
560 2085 806 2158 vulnus,
839 2086 996 2162 quod
1027 2085 1087 2144 in
1122 2084 1437 2163 supercilio
1470 2085 1688 2146 factum
1721 2094 1879 2160 erat,
1910 2087 2210 2146 coartavit.
2269 2107 2409 2148 mox

245 2169 487 2249 palliolo
519 2187 627 2230 suo
658 2169 970 2230 laceratam
1003 2170 1245 2230 mutavit
1275 2177 1527 2242 vestem,
1574 2170 2000 2249 amplexusque
2030 2171 2144 2231 iam
2171 2172 2405 2250 mitiga-

145 2261 201 2314 ω
242 2264 372 2317 tum
420 2254 635 2317 osculis
679 2266 960 2335 tanquam
1005 2255 1284 2317 fomentis
1326 2272 1639 2333 aggressus
1683 2264 1771 2315 est
1815 2262 1875 2315 et
1919 2256 2000 2316 ‘in
2047 2255 2166 2316 tua'
2211 2256 2406 2334 inquit

246 2345 438 2420 ‘pater
468 2340 798 2412 carissime,
845 2342 907 2401 in
957 2350 1053 2402 tua
1099 2359 1303 2402 sumus
1348 2340 1633 2400 custodia.
1692 2340 1742 2400 si
1774 2338 1989 2400 Gitona
2023 2349 2194 2403 tuum
2223 2359 2402 2415 amaS,

245 2426 449 2505 incipe
495 2425 641 2486 velle
687 2445 939 2487 servare.
1002 2426 1231 2487 utinam
1275 2442 1369 2485 me
1415 2423 1608 2485 solum
1639 2424 1915 2486 inimicus
1946 2425 2102 2504 ignis
2142 2426 2406 2488 hauriret

242 2510 338 2572 vel
380 2510 704 2571 hibernum
749 2511 1049 2572 invaderet
1085 2529 1266 2571 mare.
1329 2528 1440 2589 ego
1473 2510 1633 2569 enim
1666 2510 1931 2570 omnium
1962 2510 2248 2572 scelerum
2279 2530 2404 2573 ma-

245 2597 430 2670 teria,
462 2614 572 2675 ego
604 2614 779 2657 causa
812 2616 960 2658 sum.
1023 2597 1072 2658 si
1100 2596 1390 2675 perirem,
1423 2595 1771 2656 conveniret
1798 2594 2089 2657 inimicis’

1310 2702 1343 2740 *

139 2776 194 2825 25
416 2771 546 2846 ‘ego
577 2766 663 2827 sic
694 2783 932 2845 semper
962 2774 1022 2826 et
1051 2766 1273 2846 ubique
1302 2766 1448 2838 vixi,
1489 2773 1555 2826 ut
1582 2766 1845 2826 ultimam
1879 2784 2177 2845 quamque
2207 2768 2399 2828 lucem
2421 2777 2503 2839 99

242 2860 526 2931 tanquam
559 2870 683 2912 non
716 2853 1034 2912 redituram
1068 2850 1515 2913 consumerem’

1305 2958 1340 2996 *

415 3021 678 3101 profusis
709 3039 819 3100 ego
850 3021 1108 3083 lacrimis
1130 3039 1276 3099 rogo
1302 3038 1662 3100 quaesoque,
1694 3029 1761 3080 ut
1782 3039 2016 3082 mecum
2042 3039 2280 3100 quoque
2304 3040 2401 3082 re-

239 3109 376 3168 deat
406 3108 467 3167 in
501 3107 779 3184 gratiam:
814 3124 1010 3185 neque
1033 3107 1190 3167 enim
1216 3107 1277 3167 in
1305 3106 1625 3167 amantium
1652 3124 1779 3167 esse
1804 3115 2095 3185 potestate
2118 3107 2399 3167 furiosam

240 3192 718 3255 aemulationem.
789 3193 1063 3252 daturum
1108 3200 1305 3253 tamen
1354 3209 1628 3271 operam,
1676 3210 1751 3251 ne
1798 3200 1898 3252 aut
1940 3192 2128 3252 dicam
2172 3199 2270 3251 aut
2315 3193 2399 3250 fa-

134 3288 199 3337 30
239 3280 394 3340 ciam
434 3277 719 3357 amplius,
765 3295 885 3355 quo
916 3278 1105 3356 possit
1135 3277 1375 3338 offendi.
1438 3286 1667 3358 tantum
1700 3294 1937 3337 omnem
1969 3274 2396 3337 scabitudinem

240 3364 424 3426 animi
455 3371 736 3442 tanquam
784 3360 1080 3423 bonarum
1126 3364 1342 3423 artium
1387 3362 1667 3441 magister
1697 3360 1920 3422 deleret
1950 3361 2079 3421 sine
2109 3360 2396 3421 cicatrice.

242 3449 505 3510 ‘incultis
536 3448 878 3527 asperisque
908 3448 1254 3525 regionibus
1282 3447 1506 3508 diutius
1537 3447 1701 3508 nives
1730 3447 1995 3520 haerent,
2027 3453 2117 3506 ast
2144 3443 2247 3504 ubi
2271 3463 2400 3506 ara-

238 3543 335 3596 tro
367 3535 697 3596 domefacta
743 3533 917 3593 tellus
950 3534 1130 3608 nitet,
1177 3533 1315 3594 dum
1347 3532 1638 3611 loqueris,
1685 3531 1827 3592 levis
1857 3529 2071 3610 pruina
2104 3529 2399 3592 dilabitur.

238 3620 512 3682 similiter
540 3620 601 3679 in
635 3618 977 3698 pectoribus
1007 3618 1092 3678 ira
1123 3618 1408 3680 considit:
1444 3619 1597 3678 feras
1628 3616 1866 3695 quidem
1897 3623 2128 3677 mentes
2153 3616 2399 3691 obsidet,

133 3714 193 3764 ³5
237 3707 502 3768 eruditas
559 3703 960 3784 praelabitur.'
1029 3712 1113 3764 ‘ut
1155 3704 1322 3765 scias’
1368 3702 1565 3781 inquit
1608 3701 1937 3781 Eumolpus
1982 3707 2207 3762 ‘verum
2252 3722 2398 3778 esse,

407 3926 441 3975 4
475 3922 831 3990 propositione
874 3919 894 3989 ΙΙ
932 3923 962 3974 6
1000 3921 1254 3990 proditum
1298 3919 1318 3988 ΙΙ
1366 3922 1421 3970 11
1465 3918 1689 3970 sonitum
1724 3918 1947 3970 Iahnius
1985 3918 2006 3985 ΙΙ
2051 3921 2116 3971 23
2153 3918 2253 3980 vel]
2291 3923 2347 3969 ut
2380 3917 2400 3985 ΙΙ

235 3995 300 4046 25
327 3994 690 4059 praemissum
727 3989 1009 4056 Eumolpus
1055 3990 1075 4058 ΙΙ
1116 3992 1176 4044 31
1221 3988 1395 4039 animo
1426 3986 1435 4054 Ι
1468 3988 1578 4038 sine
1615 3986 1792 4039 dolore
1830 3986 2247 4051 Scaliger-anm:
2282 3983 2397 4045 for-

233 4065 373 4113 tasse
408 4056 786 4125 cunctationeu
817 4059 882 4109 32
920 4059 1007 4110 ubi
1044 4073 1102 4111 ea
1140 4061 1311 4111 aratro
1338 4056 1359 4124 ss
1385 4057 1452 4107 35
1489 4056 1875 4122 praeterlabitur
1917 4053 2281 4105 Tornaesiana

1905 4140 1979 4192 5*
