2881 4580
249 2007 371 2070 116

396 236 480 296 82
1316 235 1624 289 PETRONII

398 411 584 473 monii
605 410 698 472 sui
719 409 982 470 rationes
1001 407 1276 487 inspexit,
1301 425 1516 486 nempe
1540 407 1691 467 diem
1717 407 1913 480 etiam,
1946 425 2066 485 quo
2090 414 2375 469 venturus
2394 416 2555 470 esset
2580 425 2628 476 ι,

399 498 460 558 in
492 496 740 576 patriam
759 541 775 568 ,
804 493 1002 554 animo
1034 511 1142 554 suo
1173 493 1317 553 fixit.
1379 493 1459 553 dii
1490 492 1782 570 deaeque,
1815 510 1993 570 quam
2022 492 2201 571 longe
2230 510 2262 552 a
2293 492 2556 555 destina-

400 582 567 643 tione
597 598 702 642 sua
732 580 897 641 iacet.
957 577 1059 639 sed
1093 596 1215 638 non
1247 577 1371 638 sola
1402 577 1750 638 mortalibus
1780 577 1961 637 maria
1992 577 2146 638 hanc
2174 576 2351 638 fidem
2382 596 2558 657 prae-

401 675 577 729 stant.
624 665 790 727 illum
822 663 1138 724 bellantem
1167 680 1327 723 arma
1358 662 1683 741 decipiunt,
1713 661 1878 722 illum
1909 661 2021 723 diis
2049 672 2178 723 vota
2210 663 2557 724 reddentem

404 751 709 832 penatium
753 766 995 811 suorum
1039 748 1212 808 ruina
1255 747 1483 827 sepelit.
1543 747 1639 807 ille
1684 747 1952 808 vehiculo
1996 748 2195 826 lapsus
2227 766 2559 827 properan-
2608 761 2641 809 5

403 845 525 898 tem
568 835 840 914 spiritum
887 833 1174 905 excussit,
1219 830 1388 892 cibus
1432 831 1660 892 avidum
1703 832 2114 909 strangulavit,
2161 831 2564 893 abstinentem

405 921 726 1000 frugalitas.
784 920 834 980 si
880 917 1034 979 bene
1079 916 1365 977 calculum
1409 935 1632 996 ponas,
1679 915 1900 996 ubique
1932 917 2303 996 naufragium
2335 927 2443 979 est.
2504 927 2567 978 at

408 1006 568 1067 enim
609 1003 890 1065 fluctibus
934 1002 1147 1063 obruto
1195 1020 1315 1062 non
1360 1002 1654 1081 contingit
1681 1003 2002 1081 sepultura.
2062 1011 2341 1081 tanquam
2374 1002 2566 1063 inter-

408 1091 513 1165 sit,
556 1089 894 1170 periturum
939 1105 1160 1167 corpus
1204 1104 1355 1166 quae
1385 1087 1533 1148 ratio
1563 1096 1906 1161 consumat,
1952 1087 2108 1166 ignis
2137 1105 2208 1147 an
2243 1087 2459 1148 fluctus
2487 1104 2565 1147 an

409 1193 594 1236 mora.
656 1172 939 1252 quicquid
969 1171 1212 1246 feceriS,
1261 1173 1458 1232 omnia
1489 1172 1633 1233 haec
1664 1171 1872 1232 eodem
1904 1181 2149 1232 ventura
2180 1180 2339 1232 sunt.
2402 1172 2563 1232 ferae
2605 1179 2668 1230 10

408 1269 609 1321 tamen
641 1276 862 1337 corpus
888 1255 1258 1318 lacerabunt.
1317 1264 1600 1334 tanquam
1630 1256 1840 1317 melius
1869 1257 2023 1336 ignis
2053 1257 2334 1335 accipiat;
2380 1257 2564 1317 immo

411 1346 567 1406 hanc
595 1361 851 1423 poenam
880 1342 1278 1422 gravissimam
1310 1341 1637 1415 credimus,
1678 1340 1780 1402 ubi
1812 1342 1993 1402 servis
2022 1342 2352 1403 irascimur.
2414 1360 2568 1420 quae

413 1448 556 1575 effio
586 1429 880 1574 dementia
911 1437 1030 1501 est,
1064 1427 1264 1488 omnia
1295 1426 1520 1500 facere,
1561 1445 1636 1487 ne
1665 1427 1807 1505 quid
1838 1426 1912 1487 de
1942 1426 2118 1488 nobis
2145 1427 2446 1506 relinquat
2474 1445 2570 1488 se-

410 1534 449 1595 p
518 1524 648 1575 tura
700 1514 713 1537 '

1397 1589 1407 1597 '
1476 1592 1510 1629 *

587 1692 646 1744 et
664 1680 906 1741 Licham
935 1680 1172 1757 quidem
1202 1697 1384 1757 rogus
1413 1680 1668 1741 inimicis
1698 1680 1948 1742 collatus
1977 1679 2249 1742 manibus
2279 1679 2570 1741 adolebat.
2618 1686 2680 1738 15

416 1766 745 1846 Eumolpus
775 1774 969 1826 autem
1001 1764 1141 1825 dum
1172 1764 1536 1843 epigramma
1567 1775 1802 1825 mortuo
1833 1766 2001 1838 facit,
2033 1765 2238 1827 oculos
2269 1765 2340 1825 ad
2371 1783 2572 1826 arces—

417 1852 636 1913 sendos
665 1868 878 1911 sensus
907 1849 1143 1927 longius
1171 1849 1350 1909 mittit

1482 1931 1515 1969 ια

591 2017 704 2078 hoc
734 2026 974 2096 peracto
1002 2016 1260 2078 libenter
1290 2017 1487 2077 officio
1518 2017 1874 2079 destinatum
1897 2018 2195 2098 carpimus
2217 2019 2330 2079 iter
2352 2037 2420 2078 ac
2442 2036 2575 2079 mo-

422 2111 626 2165 mento
658 2102 940 2181 temporis
970 2102 1031 2162 in
1066 2111 1328 2164 montem
1358 2102 1640 2163 sudantes
1669 2103 2143 2177 conscendimus,
2175 2122 2245 2164 ex
2274 2122 2394 2182 quo
2417 2102 2574 2163 haud

420 2187 634 2269 procul
689 2187 1032 2266 impositum
1084 2206 1219 2249 arce
1262 2186 1501 2248 sublimi
1546 2188 1828 2266 oppidum
1874 2189 2192 2249 cernimus,
2254 2207 2367 2249 nec
2410 2187 2575 2266 quod
2616 2197 2678 2248 20

424 2281 609 2348 esset,
655 2272 990 2335 sciebamus
1035 2280 1334 2347 errantes,
1380 2271 1573 2348 donec
1603 2292 1635 2334 a
1666 2273 1837 2335 vilico
1870 2274 2124 2353 quodam
2156 2274 2414 2335 Crotona
2445 2292 2577 2335 esse

423 2359 840 2439 cognovimus,
884 2358 1093 2419 urbem
1140 2358 1607 2437 antiquissimam
1644 2368 1704 2419 et
1730 2358 2046 2438 aliquando
2077 2359 2272 2420 ltaliae
2303 2359 2577 2438 primam.

425 2463 562 2506 cum
591 2444 805 2505 deinde
837 2444 1176 2521 diligentius
1205 2444 1681 2522 exploraremus,
1728 2445 1831 2523 qui
1862 2444 2134 2505 homiues
2178 2444 2582 2506 inhabitarent

425 2528 629 2590 nobile
674 2530 894 2601 solum,
941 2528 1173 2607 quodve
1217 2546 1408 2607 genus
1456 2528 1872 2606 negotiationis
1902 2529 2220 2609 praecipue
2251 2528 2581 2609 probarent

426 2623 565 2693 post
606 2614 830 2674 attritas
873 2611 1042 2674 bellis
1074 2612 1488 2691 frequentibus
1519 2631 1691 2692 opes,
1724 2619 1781 2674 ‘o
1812 2614 1912 2674 mi'
1945 2615 2142 2694 inquit
2171 2615 2484 2695 ‘hospiteS,
2529 2614 2580 2674 si
2625 2622 2688 2672 25

429 2698 828 2778 negotiatores
858 2698 1029 2767 estis,
1073 2705 1295 2757 mutate
1324 2697 1698 2776 propositum
1731 2699 2006 2777 aliudque
2038 2700 2187 2760 vitae
2218 2698 2581 2780 praesidium

427 2783 714 2861 quaerite.
780 2782 872 2842 sin
905 2790 1101 2841 autem
1134 2782 1468 2843 urbanioris
1500 2793 1676 2843 notae
1708 2783 1979 2845 homines
2008 2784 2313 2845 sustinetis
2341 2800 2582 2862 semper

430 2867 700 2939 mentiri,
746 2875 904 2926 recta
934 2866 1004 2926 ad
1035 2867 1269 2927 lucrum
1301 2867 1557 2928 curritis.
1617 2868 1678 2928 in
1712 2869 1821 2930 hac
1852 2869 2013 2930 enim
2044 2868 2194 2929 urbe
2225 2888 2347 2930 non
2382 2869 2580 2929 litera-

427 2969 563 3013 rum
591 2950 784 3012 studia
814 2950 1208 3024 celebrantur,
1242 2971 1366 3012 non
1397 2952 1739 3031 eloquentia
1768 2954 1966 3015 locum
1995 2952 2193 3028 babet,
2225 2973 2348 3015 non
2379 2954 2581 3032 fruga-

427 3035 561 3097 litas
591 3036 899 3114 sanctique
930 3054 1126 3097 mores
1156 3036 1428 3098 laudibus
1458 3039 1529 3098 ad
1560 3038 1819 3099 fructum
1850 3040 2234 3119 perveniunt,
2266 3039 2368 3101 sed
2400 3056 2581 3116 quos-
2626 3046 2692 3096 30

430 3139 667 3199 cunque
711 3121 985 3183 homines
1027 3122 1089 3182 in
1135 3121 1247 3182 hac
1290 3121 1439 3182 urbe
1484 3121 1775 3196 videritiS,
1832 3124 2041 3185 scitote
2085 3125 2148 3185 in
2191 3125 2338 3186 duas
2381 3131 2583 3202 partes

429 3224 560 3269 esse
614 3206 847 3268 divisos.
937 3224 1074 3267 nam
1131 3216 1234 3267 aut
1289 3216 1603 3285 captantur
1658 3218 1759 3268 aut
1813 3218 2071 3288 captant.
2158 3209 2218 3269 in
2278 3209 2387 3270 hac
2431 3207 2584 3268 urbe

430 3310 606 3353 nemo
651 3291 874 3352 liberos
915 3291 1095 3364 tollit,
1141 3291 1278 3369 quia
1321 3292 1592 3369 quisquis
1636 3312 1776 3355 suos
1819 3295 2068 3356 heredes
2097 3293 2306 3368 habet,
2354 3312 2475 3354 non
2508 3291 2584 3351 ad

431 3395 643 3450 cenaS,
689 3396 811 3438 non
860 3376 929 3437 ad
976 3376 1310 3456 spectacula
1352 3376 1708 3451 admittitur,
1760 3381 1862 3441 sed
1909 3379 2188 3442 omnibus
2229 3378 2585 3459 prohibetur

432 3462 789 3535 commodis,
846 3463 1007 3522 inter
1061 3461 1491 3539 ignominiosos
1546 3462 1748 3524 latitat.
1838 3465 1940 3543 qui
1995 3483 2135 3526 vero
2192 3483 2305 3525 nec
2364 3480 2585 3523 uxores
2628 3470 2695 3519 35

432 3564 694 3624 unquam
728 3547 1031 3608 duxerunt
1059 3565 1170 3608 nec
1200 3546 1500 3626 proximas
1531 3549 2002 3610 necessitudines
2032 3550 2278 3621 habent,
2311 3548 2385 3609 ad
2416 3566 2582 3610 sum-

432 3648 563 3691 mos
605 3631 868 3693 honores
908 3632 1298 3710 perveniunt,
1357 3632 1418 3691 id
1465 3641 1555 3692 est
1598 3633 1707 3693 soli
1754 3635 2060 3707 militares,
2122 3634 2232 3696 soli
2275 3633 2585 3695 fortissimi

433 3725 608 3793 atque
665 3715 840 3776 etiam
897 3718 1250 3778 innocentes
1306 3715 1621 3778 habentur.
1708 3718 1968 3781 adibitis'
2025 3719 2223 3798 inquit
2266 3718 2587 3798 ‘oppidum

604 3848 634 3898 2
670 3845 860 3910 finxitu
888 3850 919 3899 8
954 3850 1169 3915 contigit
1191 3851 1210 3916 ΙΙ
1241 3853 1304 3903 13
1342 3866 1372 3902 e
1407 3850 1558 3903 nobis
1583 3851 1604 3919 ΙΙ
1666 3853 1728 3904 19
1748 3854 1934 3917 potius
1970 3851 2294 3903 escendimus
2317 3849 2339 3917 ΙΙ
2365 3852 2429 3902 20
2463 3866 2588 3901 con—

429 3916 534 3965 ieci
566 3914 893 3981 suppositum
929 3917 1031 3968 arci
1055 3919 1074 3981 n
1102 3920 1169 3970 34
1194 3933 1376 3971 scenas
1400 3919 1421 3986 ΙΙ
1447 3918 1512 3971 37
1550 3920 1623 3972 hii
1657 3919 1756 3971 soli
1792 3921 2145 3986 apog-raphon
2162 3919 2591 3984 Memmianumfl

429 3983 496 4034 38
531 3982 782 4035 audebitis
813 3987 822 4050 Ι
850 3982 1080 4044 fortasse
1114 3986 1289 4053 itaque
