2881 4580
1198 314 1478 368 summ:
2326 320 2406 379 69

190 494 235 545 L
255 494 314 545 et
340 503 454 582 pro
486 486 798 547 consortio
827 487 1159 548 studiorum
1187 488 1495 549 commoda
1526 507 1785 550 manum.
1843 509 2005 552 mors
2035 492 2212 565 venit,
2243 512 2413 572 quae,

255 571 367 632 nisi
412 588 528 650 per
572 580 633 633 te
681 590 803 632 non
850 572 1015 647 licet,
1063 582 1259 653 potest
1302 592 1431 635 esse
1466 592 1579 653 pro
1610 575 1895 637 munere'.
1954 576 2275 639 inundatus
2305 579 2414 639 hac

255 655 591 736 Eumolpus
634 656 851 718 invidia
893 658 1048 718 iurat
1090 677 1200 738 per
1241 659 1387 720 deos
1430 659 1688 739 deasque
1730 680 1794 722 se
1840 680 2034 740 neque
2078 662 2230 723 scire
2274 665 2412 742 quid

256 742 559 817 acciderit,
592 761 705 803 nec
735 742 917 804 ullum
949 743 1149 804 dolum
1179 744 1395 804 malum
1426 745 1675 806 consilio
1708 746 2057 822 adhibuisse,
2087 748 2190 808 sed
2215 757 2415 809 mente

180 838 211 888 5
254 827 692 907 simplicissima
737 835 798 888 et
837 846 973 889 vera
1018 829 1133 891 fide
1177 830 1238 890 in
1287 830 1582 910 navigium
1630 832 1876 893 comites
1919 832 2247 908 induxisse,
2295 852 2413 912 quo

258 912 383 991 ipse
430 913 551 974 iam
597 913 826 992 pridem
872 913 1052 975 fuerit
1094 933 1328 976 usuruS.
1390 924 1560 994 ‘quae
1603 926 1797 978 autem
1845 917 1938 978 hic
1984 916 2228 979 insidiae
2257 918 2415 979 sunt'

257 997 455 1077 inquit
484 1003 608 1059 ‘aut
636 998 770 1077 quis
802 998 1113 1060 nobiscum
1146 1000 1437 1062 Hannibal
1470 999 1745 1080 navigat?
1789 1002 2000 1064 Lichas
2037 1002 2415 1078 TarentinuS,

258 1083 438 1145 homo
496 1084 1036 1146 verecundissimus
1095 1094 1154 1145 et
1197 1105 1318 1146 non
1366 1093 1599 1147 tantum
1641 1087 1819 1148 huius
1862 1088 2078 1166 navigii
2121 1088 2416 1163 dominus,

259 1169 420 1246 quod
467 1169 655 1247 regit,
701 1169 804 1230 sed
850 1170 1172 1232 fundorum
1205 1171 1382 1232 etiam
1413 1171 1637 1250 aliquot
1667 1183 1724 1233 et
1755 1173 2006 1234 familiae
2040 1174 2415 1252 negotiantis,

159 1264 216 1315 to
260 1274 416 1316 onus
472 1254 863 1316 deferendum
908 1256 980 1316 ad
1025 1265 1350 1317 mercatum
1394 1258 1693 1318 conducit.
1754 1258 1849 1318 hic
1895 1267 1984 1319 est
2026 1258 2274 1338 Cyclops
2320 1259 2417 1319 ille

258 1350 319 1400 et
347 1340 705 1420 archipirata
723 1386 738 1410 ‚
771 1341 865 1401 cui
895 1348 1194 1402 vecturam
1224 1341 1538 1416 debemus;
1570 1351 1629 1403 et
1657 1352 1895 1423 praeter
1921 1343 2085 1404 hunc
2114 1343 2418 1423 Tryphae-

259 1443 365 1498 na,
399 1425 668 1486 omnium
700 1426 1055 1488 feminarum
1083 1428 1537 1501 formosissima,
1570 1446 1721 1506 quae
1752 1427 2066 1507 voluptatis
2095 1446 2272 1490 causa
2300 1428 2419 1489 huc

258 1519 440 1588 atque
483 1510 625 1572 illuc
667 1511 971 1572 vectatur!
1033 1512 1111 1572 ‘hi
1158 1513 1316 1574 sunt’
1360 1513 1557 1591 inquit
1586 1513 1763 1574 Giton
1812 1519 1981 1591 ‘quos
2025 1513 2300 1591 fugimus’
2337 1513 2417 1575 si-

260 1595 508 1675 mulque
551 1596 766 1676 raptim
810 1615 1015 1658 causas
1060 1598 1332 1659 odiorum
1376 1607 1435 1659 et
1476 1599 1706 1660 instans
1738 1598 2068 1678 periculum
2098 1599 2418 1677 trepidanti

160 1691 217 1740 15
259 1680 559 1761 Eumolpo
592 1682 855 1778 exponit.
918 1684 1204 1744 confusus
1235 1683 1329 1744 ille
1361 1692 1421 1744 et
1451 1685 1681 1746 consilii
1714 1703 1897 1763 egens
1928 1683 2093 1744 iubet
2122 1701 2420 1763 quemque

264 1784 433 1827 suam
464 1767 821 1828 sententiam
850 1785 1128 1847 promere
1159 1777 1219 1828 et
1240 1769 1484 1861 ‘fingite'
1509 1770 1740 1848 inquit
1745 1788 1856 1830 nos
1885 1778 2122 1831 antrum
2147 1768 2419 1849 Cyclopis

264 1851 542 1916 intrasse.
633 1854 1037 1931 quaerendum
1098 1862 1187 1915 est
1230 1848 1470 1934 aliquo‘d
1515 1855 1832 1934 effugium,
1887 1855 2001 1916 nisi
2049 1855 2419 1950 naufragium

263 1937 549 2015 ponimus
594 1947 653 1998 et
695 1938 857 1999 omni
904 1958 1014 2000 nos
1057 1940 1319 2018 periculo
1349 1939 1710 2002 liberamus.
1768 1939 1986 2001 ‘immo'
2017 1940 2211 2018 inquit
2240 1940 2418 2001 Giton

266 2022 578 2102 ‘persuade
622 2023 1039 2101 gubernatori,
1094 2033 1160 2085 ut
1202 2024 1262 2084 in
1311 2025 1564 2105 aliquem
1613 2036 1853 2106 portum
1899 2043 2102 2086 navem
2149 2026 2419 2097 deducat,

158 2118 220 2169 20
264 2127 390 2169 non
438 2108 569 2169 sine
613 2109 875 2187 praemio
921 2108 1174 2181 scilicet,
1223 2119 1282 2170 et
1310 2111 1537 2171 affirma
1574 2111 1627 2172 ei
1658 2111 2062 2189 impatientem
2094 2111 2271 2172 maris
2300 2112 2420 2170 fra-

262 2201 418 2254 trem
461 2202 634 2254 tuum
677 2194 734 2254 in
770 2194 990 2256 ultimis
1031 2213 1178 2256 esse.
1237 2196 1462 2275 poteris
1491 2197 1646 2256 hanc
1674 2195 2111 2257 simulationem
2141 2205 2199 2255 et
2226 2195 2422 2255 vultus

266 2279 623 2341 confusione
683 2288 741 2341 et
792 2279 1050 2343 lacrimis
1108 2280 1494 2354 obumbrare,
1554 2288 1620 2341 ut
1673 2279 2071 2342 misericordia
2118 2287 2422 2359 permotus

265 2365 635 2443 gubernator
678 2365 980 2445 indulgeat
1022 2366 1170 2427 tibi.’
1246 2366 1479 2444 negavit
1522 2366 1636 2426 hoc
1680 2365 2009 2445 Eumolpus
2052 2365 2180 2425 fieri
2225 2384 2419 2444 posse,

268 2450 429 2530 ‘quia
459 2449 693 2529 magna'
722 2451 917 2529 inquit
947 2452 1194 2531 ‘navigia
1225 2451 1519 2532 portubus
1549 2469 1613 2511 se
1643 2450 1896 2512 curvatis
1924 2450 2261 2521 insinuant,
2308 2469 2420 2510 nec

161 2544 224 2594 25
266 2544 389 2596 tam
421 2536 539 2596 cito
570 2536 812 2597 fratrem
843 2537 1126 2599 defecisse
1156 2537 1279 2597 veri
1308 2536 1495 2598 simile
1527 2536 1657 2601 erit.
1711 2535 1938 2597 accedit
1965 2535 2076 2608 his,
2106 2536 2266 2614 quod
2297 2536 2419 2596 for-

268 2621 423 2682 sitan
454 2620 667 2682 Lichas
713 2622 890 2682 officii
935 2640 1107 2683 causa
1152 2623 1338 2683 visere
1384 2623 1763 2700 languentem
1806 2619 2179 2683 desiderabit.
2239 2620 2419 2693 videS,

268 2724 449 2786 quam
491 2706 655 2768 valde
701 2707 875 2768 nohis
918 2708 1220 2786 expediat,
1267 2708 1424 2768 ultro
1462 2708 1768 2768 dominum
1797 2709 1870 2768 ad
1899 2706 2193 2785 fugientes
2222 2723 2423 2766 accer-

267 2809 420 2853 sere.
483 2792 586 2852 sed
616 2793 774 2871 finge
806 2809 1015 2852 navem
1046 2792 1118 2853 ab
1158 2793 1386 2872 ingenti
1417 2812 1595 2873 posse
1625 2811 1804 2855 cursu
1835 2791 2065 2854 deflecti
2096 2799 2154 2852 et
2183 2791 2420 2853 Licham

269 2896 395 2937 non
426 2878 633 2955 utique
663 2877 1111 2939 circumiturum
1141 2896 1453 2956 aegrorum
1486 2878 1729 2939 cubilia:
1775 2877 2072 2958 quomodo
2107 2895 2425 2957 possumus

163 2973 223 3023 30
268 2961 473 3040 egredi
517 2980 696 3037 nave,
741 2971 808 3025 ut
851 2982 974 3024 non
1007 2964 1447 3061 conspiciamur
1477 2981 1509 3023 a
1538 2961 1812 3025 cunctis?
1857 2962 2080 3042 opertis
2111 2963 2421 3043 capitibuS,

269 3066 345 3107 an
380 3045 598 3108 nudis?
643 3048 896 3127 opertis,
927 3057 986 3109 et
1015 3049 1149 3127 quis
1178 3068 1301 3109 non
1335 3048 1475 3109 dare
1504 3066 1746 3109 manum
1776 3048 2197 3127 languentibus
2224 3044 2422 3108 volet?

271 3132 480 3205 nudis,
527 3142 586 3193 et
631 3132 768 3211 quid
816 3134 927 3194 erit
957 3133 1113 3194 aliud
1145 3153 1321 3213 quam
1352 3152 1416 3195 se
1445 3134 1607 3222 ipsos
1636 3130 2074 3214 proscribere‘I’
2119 3134 2282 3211 ‘quin
2316 3151 2431 3211 po-
2480 3127 2599 3194 102

270 3216 408 3279 tius'
438 3218 679 3296 inquam
713 3237 823 3298 ego
854 3219 960 3279 ‘ad
992 3220 1379 3280 temeritatem
1410 3204 1790 3297 confugimus
1820 3226 1881 3279 et
1908 3236 2016 3296 per
2045 3219 2248 3278 funem
2278 3217 2426 3295 lapsi

271 3302 689 3365 descendimus
732 3304 794 3364 in
840 3305 1118 3383 scapham
1162 3305 1550 3384 praecisoque
1593 3304 1832 3365 vinculo
1878 3301 2106 3380 reliqua
2150 3303 2425 3363 fortunae

165 3397 226 3447 35
269 3386 737 3449 committimus?
794 3407 906 3450 nec
966 3407 1075 3468 ego
1125 3389 1182 3449 in
1245 3391 1359 3450 hoc
1415 3390 1747 3469 periculum
1791 3387 2125 3465 Eumolpon
2171 3404 2425 3446 arcesso.

273 3474 414 3552 quid
461 3473 622 3534 enim
665 3474 877 3535 attinet
918 3474 1302 3535 innocentem
1345 3474 1540 3536 alieno
1584 3473 1849 3554 periculo
1879 3468 2234 3551 imponere?
2280 3489 2427 3531 con-

273 3568 477 3620 tentus
519 3577 670 3634 sum,
715 3559 765 3620 si
813 3578 922 3621 nos
966 3559 1393 3621 descendentes
1434 3560 1718 3622 adiuverit
1746 3575 1934 3618 casuS.
1941 3556 1955 3580 '
2021 3561 2163 3618 ‘non
2196 3557 2424 3636 impru-

273 3642 440 3705 dens'
471 3644 666 3722 inquit
695 3644 1051 3706 ‘consilium'
1082 3644 1455 3725 Eumolpos‘
1458 3646 1505 3706 si
1537 3645 1755 3705 aditum
1788 3642 2049 3703 haberet.
2104 3642 2236 3722 quis
2264 3642 2426 3703 enim

274 3748 398 3790 non
431 3739 643 3791 euntes
674 3728 946 3790 notabit?
987 3730 1195 3809 utique
1225 3730 1621 3809 gubernator,
1655 3728 1756 3808 qui
1789 3728 2033 3808 pervigil
2065 3736 2242 3790 nocte
2272 3729 2425 3790 side-

165 3824 225 3875 40
267 3833 404 3875 rum
435 3833 675 3894 quoque
705 3823 902 3877 motus
930 3815 1204 3878 custodit.
1252 3825 1310 3876 et
1337 3826 1645 3893 utcunque
1675 3814 1901 3894 imponi
1934 3815 2082 3876 nihil
2109 3813 2428 3875 dormienti

450 3953 474 4001 1
513 3948 568 3999 id
604 3953 682 3999 est
706 3963 799 4014 pro
825 3949 845 4013 ΙΙ
870 3952 933 4002 18
957 3954 1011 4002 et
1034 3949 1289 4000 communi
1314 3949 1601 4011 Iacob-eius,
1640 3953 1693 3999 et
1717 3949 1854 3999 omni
1878 3946 2031 3999 modo
2063 3962 2161 4012 ego
2185 3945 2204 4014 ΙΙ
2233 3949 2299 3999 24
2313 3946 2431 4008 for-

273 4021 414 4069 tasse
447 4016 740 4069 seeundum
778 4016 1019 4082 Lipsium
1053 4017 1316 4082 gravatius
1341 4015 1360 4084 ΙΙ
1388 4018 1451 4068 27
1491 4016 1733 4068 accedere
1761 4015 1780 4083 ΙΙ
1804 4018 1869 4069 28
1906 4018 2106 4082 urgenti
2141 4013 2431 4077 Beislcim!

274 4087 340 4137 36
374 4085 673 4153 impendere
707 4084 978 4136 Iacobum
1004 4086 1024 4153 Ι
1049 4087 1110 4139 37
1150 4088 1408 4151 temptavi
1443 4084 1696 4137 adiuverit
1731 4088 1906 4136 custos
1933 4084 1953 4152 ΙΙ
1978 4086 2042 4137 40
2080 4082 2225 4145 nihil]
2260 4084 2344 4134 vel
