2881 4580
469 272 506 333 2
515 277 544 334 l
555 273 591 333 2
1370 274 1701 328 VARRONIS

1448 448 1526 507 xi
1562 451 1648 524 (2)

332 562 420 614 470
679 552 837 629 quod
870 550 1130 610 Minerva
1161 560 1410 630 propter
1438 559 1570 622 stet,
1602 551 1657 610 id
1691 550 2022 629 significare
2047 568 2180 610 eum
2209 562 2457 630 propter
2479 549 2633 610 doc·

467 636 684 702 trinam

1410 718 1518 778 ΧΠ
1549 718 1678 799 (10)

338 817 424 869 471
683 804 878 865 album
937 816 942 821 ’
1330 803 1558 865 adversi
1589 803 1747 864 venti
1778 804 2146 865 ceciderunt.
2208 806 2369 882 quod
2402 804 2454 865 si
2484 822 2630 883 per-

474 899 625 971 gunt
654 890 881 951 diutius·
905 908 1063 949 mare
1094 889 1356 960 volvere,
1389 907 1599 949 vereor
1632 908 1706 950 ne
1739 907 1832 948 me
1865 907 2135 967 quoque,
2170 907 2349 967 quom
2380 888 2632 950 domum

474 974 548 1036 ab
583 975 687 1036 llio
720 975 932 1036 cossim
966 992 1205 1048 venero,
1240 983 1477 1053 praeter
1507 992 1713 1034 canem
1745 985 2067 1052 cognoscat
2100 992 2272 1035 nemo

333 1191 426 1241 472
681 1188 893 1239 ventus
924 1177 1141 1238 buccas
1172 1092 1841 1239 vehemefftlifls(gnifflare
1875 1187 1934 1238 et
1963 1178 2158 1238 calcar
2185 1178 2498 1238 admovere

1408 1296 1572 1357 Xllll
1601 1299 1685 1376 (9)

334 1410 426 1461 473
682 1416 1059 1476 quocumque
1090 1397 1177 1458 ire
1199 1397 1500 1472 vellemus,
1535 1398 1740 1460 obvius
1771 1395 1933 1459 flare.
1994 1398 2095 1459 ubi
2128 1398 2367 1478 corpori
2397 1400 2632 1461 aerinas

472 1483 786 1564 compedes
816 1483 1120 1563 impositas
1147 1482 1314 1543 video

1420 1583 1521 1643 XV
1554 1587 1683 1661 (13)

332 1682 429 1734 474
682 1668 783 1730 ubi
837 1670 1118 1730 dicuntur
1167 1668 1404 1729 barbari
1472 1669 1935 1731 innumerabiles
1988 1670 2201 1731 lateres
2253 1689 2469 1732 aureos
2524 1671 2631 1731 ha-

472 1754 670 1816 buisse
1170 1775 1173 1776 ⁷

1399 1837 1526 1898 XVl
1558 1841 1688 1917 (19)

336 1953 428 2007 475
682 1940 778 2001 hic
811 1939 970 2000 enim
1002 1940 1199 2000 omnia
1229 1950 1372 2013 erat,
1404 1941 1559 2001 idem
1602 1943 1877 2003 sacerdos
1914 1951 2151 2021 praetor
2185 1942 2499 2021 parochos,
2526 1942 2633 2003 de-

476 2027 658 2104 nique
688 2025 844 2086 idem
874 2033 1134 2099 senatuS‚
1167 2026 1319 2085 idem
1351 2026 1629 2105 populus,
1663 2026 1847 2105 kaput

438 2131 439 2134 ‘
1386 2142 1544 2205 xvll
1577 2144 1705 2222 (11)

336 2244 431 2297 476
686 2230 787 2292 ubi
819 2228 978 2307 quod
1012 2228 1208 2309 lupam
1243 2229 1467 2303 alumni
1499 2230 1776 2290 sellarunt
1806 2231 1943 2290 olim

1387 2348 1570 2410 XVllI
1600 2349 1729 2426 (15)

344 2440 435 2499 477
690 2444 827 2494 ante
860 2451 1034 2511 quam
1066 2433 1270 2494 militia
1300 2433 1582 2495 subactus
1613 2434 1837 2513 aliquot
1866 2433 2040 2495 annis
2070 2444 2194 2494 erat

1374 2552 1585 2613 XVllll
1616 2554 1744 2630 (16)

308 2636 431 2703 '478
612 2672 615 2673 ν
688 2638 747 2698 in
783 2637 998 2706 castris.
1016 2637 1334 2715 permansi,
1367 2639 1507 2698 inde
1540 2638 1827 2699 caballum
1861 2638 2067 2699 reduxi
2098 2638 2167 2699 ad
2202 2656 2515 2700 censorem

1372 2730 1373 2733 ‘
1416 2755 1521 2815 xx
1549 2757 1682 2833 (17)

341 2868 432 2921 479
687 2858 882 2935 itaque
935 2866 1061 2917 tum
1113 2875 1282 2917 ecum
1329 2860 1662 2919 mordacem
1713 2856 2092 2918 calcitronem
2126 2858 2433 2920 horridum
2467 2860 2640 2920 miles

480 2960 614 3003 acer
638 2962 758 3004 non
786 2942 1002 3003 vitabat
1619 3024 1622 3027 Α
1917 2953 1921 2958 ·

1408 3044 1539 3104 XXI
1570 3045 1701 3120 (18)

344 3142 432 3194 480
688 3148 852 3191 nunc
883 3139 1090 3190 emunt
1118 3129 1576 3219 trossuli-nardo
1612 3129 1777 3190 nitidi
1801 3127 1975 3208 vulgo
1990 3130 2186 3191 Attico
2207 3130 2429 3192 talento
2462 3150 2646 3217 ecum·

653 3299 750 3348 470
789 3296 855 3349 N.
887 3313 944 3362 p.
983 3298 1078 3349 367
1118 3302 1328 3363 propter
1360 3297 1378 3361 n
1416 3300 1510 3349 471
1554 3295 1621 3348 Ν.
1652 3313 1706 3363 p.
1744 3298 1839 3348 247
1892 3295 2065 3348 album
2114 3298 2235 3349 mite
2274 3302 2326 3348 et
2359 3297 2640 3365 placidum,

479 3370 751 3431 postrema
789 3382 823 3416 a
848 3379 1027 3416 vereor
1056 3381 1112 3431 p.
1133 3366 1233 3416 276
1256 3367 1317 3415 in
1341 3379 1653 3430 cognoscere
1689 3369 2022 3429 repetuntur.
2078 3366 2285 3416 eoecidit
2318 3369 2497 3432 igitur·
2532 3368 2643 3419 tale

481 3432 707 3486 nondum
744 3433 915 3485 album
952 3432 1148 3484 caelum
1185 3438 1265 3483 est
1301 3448 1486 3500 neque,
1520 3430 1755 3494 fortasse
1790 3432 2057 3483 adiectum
2080 3438 2206 3484 ante
2231 3433 2434 3486 adversi
2456 3433 2643 3487 Vlixei:

481 3504 861 3553 nomen'eausa
885 3499 1000 3561 fuit
1021 3503 1228 3551 erroris
1256 3504 1264 3565 Ι
1297 3502 1483 3552 cessim
1503 3503 1632 3552 Pius
1660 3504 1668 3563 1
1698 3506 1956 3553 revertero
1987 3517 2043 3565 p.
2066 3504 2166 3554 276
2193 3503 2212 3566 ΙΙ
2236 3504 2336 3554 472
2372 3501 2442 3555 Ν.
2465 3520 2518 3568 p.
2538 3507 2640 3559 451

485 3571 650 3621 calcar
674 3570 694 3637 ΙΙ
721 3572 818 3622 473
853 3569 922 3621 N.
939 3585 994 3635 p.
1015 3571 1080 3622 28
1118 3567 1393 3636 compedes
1423 3572 1431 3634 Ι
1465 3584 1567 3636 quo
1606 3584 1719 3620 cum
1757 3571 1829 3620 ire
1864 3570 1965 3620 alii
1991 3568 2011 3637 ΙΙ
2033 3568 2221 3623 474Ν.
2278 3607 2292 3622 .
2323 3572 2414 3623 131
2455 3570 2589 3624 later
2631 3573 2641 3639 Ι

485 3637 574 3687 ubi
611 3637 880 3690 edicuntur
916 3642 1013 3688 aut
1044 3637 1324 3689 educantur
1360 3639 1506 3702 quod
1535 3641 1712 3701 potest
1747 3652 1855 3686 esse
1891 3637 1978 3688 ubi
2016 3642 2069 3689 et
2102 3638 2190 3688 vel
2208 3655 2241 3690 u
2281 3639 2346 3690 ei.
2401 3643 2644 3693 trochai-

485 3720 670 3755 corum
703 3709 1129 3772 septenni-iorum
1146 3710 1331 3771 partes
1355 3707 1620 3772 disposuit
1637 3705 1695 3756 V
1687 3706 1910 3756 ablenus
1937 3706 1955 3770 ΙΙ
1979 3708 2078 3757 475
2098 3704 2166 3758 Ν.
2187 3723 2241 3772 p.
2263 3707 2328 3759 48
2350 3709 2606 3775 parochos
2632 3712 2639 3776 Ι

452 3782 457 3789 ·
486 3772 663 3838 populi
699 3773 827 3825 Itali
861 3777 880 3837 ΙΙ
919 3777 1018 3826 476
1054 3773 1121 3826 Ν.
1153 3790 1210 3839 p.
1247 3774 1348 3826 242
1382 3775 1618 3825 alumnos
1660 3773 1680 3839 n
1723 3776 1819 3825 477
1859 3772 1926 3824 Ν.
1956 3789 2015 3839 p.
2050 3777 2149 3828 401
2189 3775 2425 3841 subigere
2445 3776 2466 3843 ιΙ
2498 3778 2646 3830 mitia

486 3840 726 3892 subactus
749 3845 769 3907 u
795 3844 895 3894 478
929 3840 999 3893 Ν.
1026 3857 1083 3906 p.
1122 3843 1187 3894 86
1223 3841 1454 3893 caballus
1477 3843 1495 3907 ΙΙ
1522 3845 1621 3895 479
1657 3840 1724 3893 Ν.
1746 3858 1802 3907 p.
1839 3845 1905 3894 45
1946 3841 2267 3894 calcitrones.
2338 3847 2647 3896 &achaicos

486 3913 550 3958 ut
579 3913 906 3974 septenarios
933 3906 1210 3975 facerent,
1265 3913 1614 3974 corrigebant
1668 3915 1787 3961 tunc
1835 3914 1886 3959 et
1921 3911 2316 3963 calcitronemve
2352 3911 2588 3965 horridus
2632 3914 2640 3981 Ι

438 3986 441 3989 ’
486 3976 633 4028 miles
670 3990 729 4027 ac
764 3977 843 4027 vir
883 3977 902 4044 ΙΙ
946 3980 1045 4030 480
1081 3976 1146 4029 Ν.
1186 3994 1240 4042 p.
1266 3980 1332 4030 49
1370 3979 1594 4030 trossuli.
1665 3981 1721 4027 in
1763 3981 2082 4043 septenariis
2132 3978 2289 4030 nardo
2326 3980 2474 4032 nitidi
2510 3988 2646 4034 tros-

486 4042 586 4095 suli
621 4042 890 4110 Roeperus
919 4043 927 4111 Ι
958 4046 1042 4095 vel
1076 4045 1246 4096 Attico
1281 4048 1415 4095 eatis
1448 4062 1558 4096 esse
1588 4051 1842 4112 putaram
