2881 4580
458 269 582 330 208
1361 272 1691 327 VARRONIS

330 540 416 590 433
672 533 816 593 aliae
847 533 1078 593 mitram
1110 532 1356 593 ricinam
1385 445 1492 592 3ξέ
1517 449 1751 593 gillam
1783 532 2144 596 Melitensem

1399 649 1504 710 XII
1537 652 1666 727 (12)

329 744 418 795 434
677 735 955 798 eburneis
984 735 1150 796 lectis
1180 744 1237 795 et
1266 734 1455 815 plagis
1485 735 1748 815 sigillatis

1387 852 1523 913 Xlll
1553 856 1682 931 (13)

329 948 419 998 435
675 940 735 1001 in
769 938 1032 1001 tenebris
1062 957 1130 1000 ac
1160 938 1292 1000 suili
1324 939 1542 1013 vivunt,
1576 941 1688 1001 nisi
1721 959 1842 1003 non
1876 943 2071 1002 forum
2111 941 2255 1003 hara
2285 950 2461 1021 atque
2506 942 2621 1003 ho-

465 1025 654 1086 mines
685 1025 785 1104 qui
817 1043 979 1086 nunc
1009 1034 1144 1086 sunt
1173 1023 1442 1105 plerique
1472 1044 1607 1087 sues
1636 1035 1778 1087 sunt
1809 1027 2178 1088 existimandi

1404 1143 1566 1203 Xllll
1597 1146 1686 1223 (9)

332 1237 420 1288 436
674 1228 970 1289 aemulum
1021 1229 1176 1290 illius
1225 1228 1364 1289 artis
1408 1238 1584 1307 atque
1649 1229 2163 1311 obstrigillatorem
2182 1278 2198 1305 ‚
2254 1240 2625 1311 quapropter

468 1311 693 1391 aliquot
718 1331 908 1375 annos
940 1314 1165 1393 quaesti
1198 1314 1342 1375 nihil
1370 1314 1578 1375 fecerit

1302 1496 1777 1551 PSEVDAENEAS

338 1578 425 1629 437
1977 1589 2083 1650 per

1078 1654 1432 1714 aeviternam
1466 1655 1773 1716 hominum
1803 1656 2061 1730 domum,

1076 1738 1347 1799 tellurem
1379 1758 1640 1819 propero
1663 1740 1907 1819 gradum

1207 1920 1594 1974 PSEVDVLVS
1632 1922 1884 1975 APOLLO

1100 2027 1258 2093 περὶ
1307 2023 1497 2076 θεῶν
1547 2020 1990 2096 διαγνώσεως

340 2216 428 2267 438
879 2217 1013 2272 cum
1047 2232 1148 2273 sex
1181 2214 1349 2293 pueri
1381 2218 1439 2275 et
1471 2128 1763 2294 psellulae
1795 2215 2015 2295 pariter
2045 2216 2185 2276 item
2218 2233 2320 2276 sex

880 2310 980 2359 aut
1011 2309 1237 2378 septem
1269 2300 1329 2361 in
1365 2310 1619 2379 utroque
1651 2319 1783 2362 cum
1818 2302 2001 2362 choro
2034 2301 2160 2381 pari
2193 2313 2481 2381 vagarunt

345 2506 432 2556 439
687 2502 840 2579 quod
876 2502 935 2565 in
970 2504 1096 2564 eius
1120 2504 1212 2563 dei
1241 2504 1458 2582 templa
1474 2418 1728 2564 lgassgati
1762 2489 2116 2580 introeunt,
2151 2524 2288 2566 nam
2319 2505 2382 2566 in
2409 2504 2630 2585 oppido

477 2604 627 2664 quae
659 2595 749 2731 eslt
776 2587 949 2648 aedes
964 2589 1252 2667 Apollinis
1282 2598 1340 2649 et
1357 2608 1507 2667 quae
1533 2590 1611 2649 ibi
1637 2591 1708 2651 ad
1726 2589 2014 2663 HerculiS,
2040 2600 2108 2651 ut
2131 2590 2287 2651 intro
2313 2598 2426 2664 eat,
2454 2609 2631 2651 nemo

477 2690 539 2732 se
571 2690 710 2732 exca
736 2680 938 2732 ceatur

1310 2805 1785 2866 QleQVATRVS

349 2999 436 3048 440
563 2994 700 3072 quid
733 2993 959 3054 medico
993 2994 1126 3055 mist
1158 2972 1350 3074 epus?
1382 2910 1670 3075 perlpfeiino
1701 2995 2062 3057 absinthium
2089 3005 2153 3057 ut
2176 2995 2371 3057 bibam
2398 3014 2636 3075 gravem

567 3089 625 3140 et
655 3088 987 3141 castoreum
1019 3080 1326 3158 levemque
1361 3080 1549 3141 robur

346 3289 431 3340 441
1091 3283 1185 3345 hic
1216 3196 1653 3364 bipennisl’liffi)
1673 3285 1931 3364 forcipes
1963 3286 2396 3365 dentharpagas

652 3436 749 3487 433
787 3433 857 3486 N.
888 3451 941 3501 p.
979 3437 1078 3488 539
1114 3435 1216 3486 rica
1265 3435 1275 3501 Ι
1323 3434 1420 3484 alia
1469 3435 1593 3486 emit
1641 3435 1840 3486 mitram
1879 3436 2144 3487 oehlerus.
2214 3436 2424 3487 mittant
2461 3437 2590 3486 libri

483 3507 584 3558 434
620 3502 687 3554 Ν.
719 3519 773 3569 p.
813 3505 912 3557 378
947 3504 1099 3571 plaga
1143 3501 1163 3570 ΙΙ
1204 3505 1305 3555 435
1339 3502 1408 3553 Ν.
1447 3519 1503 3569 p.
1544 3504 1637 3555 120
1673 3503 1794 3555 hara
1837 3504 1858 3571 ΙΙ
1900 3506 2002 3558 436
2035 3503 2104 3556 Ν.
2138 3520 2192 3571 p.
2229 3506 2330 3558 492
2385 3505 2588 3572 quaesti

483 3587 614 3638 quae
649 3578 1105 3692 {gqlp'giseianm
1140 3638 1179 3690 11
1210 3655 1262 3705 p.
1302 3641 1364 3692 81
2055 3707 2066 3718 ·

656 3710 753 3761 438
790 3706 1002 3759 Nonius
1032 3725 1085 3775 p.
1123 3710 1224 3761 468
1258 3721 1418 3777 vagas
1469 3705 1478 3773 Ι
1518 3706 1720 3774 puellae
1752 3707 1760 3774 Ι
1792 3713 1989 3774 septem
2026 3721 2105 3758 sm
2143 3722 2264 3759 vero
2300 3723 2434 3774 quae
2471 3724 2590 3761 cum
2624 3710 2646 3776 ΙΙ

489 3776 588 3826 439
622 3773 690 3825 Ν.
722 3792 776 3840 p.
814 3778 912 3828 478
948 3776 1284 3829 excalceatur.
1355 3778 1443 3827 hie
1477 3777 1536 3825 in
1572 3776 1729 3827 titulo
1765 3769 2126 3846 ἀναγνώσεως
2155 3775 2165 3842 1
2195 3777 2507 3828 excalcietur

656 3844 756 3895 440
791 3842 858 3894 Ν.
871 3860 930 3908 p.
956 3846 1053 3898 190
1077 3844 1405 3908 absinthium,
1433 3858 1491 3908 p.
1514 3846 1615 3896 314
1639 3858 1811 3909 grave,
1844 3859 1897 3909 p.
1919 3847 2016 3898 337
2044 3844 2217 3896 levare
2247 3847 2256 3909 Ι
2286 3858 2419 3910 opus
2457 3860 2647 3913 nempe

486 3913 591 3961 tuo.
662 3911 780 3961 vide
813 3927 880 3961 na
913 3915 1119 3963 senarii
1151 3912 1387 3974 fuerint,
1425 3911 1564 3962 alter·
1598 3915 1663 3962 ab
1701 3911 2014 3964 absinthium
2042 3915 2320 3977 pertinens
2363 3912 2441 3963 ad
2473 3918 2651 3966 casto-

486 3991 626 4029 reum
662 3978 904 4040 (Quintil.
940 3977 960 4030 1
994 3984 1041 4041 5,
1078 3982 1166 4043 60)
1209 3979 1229 4047 ΙΙ
1270 3982 1366 4032 441
1403 3978 1474 4031 Ν.
1506 3994 1562 4044 p.
1599 3981 1665 4034 99
1710 3980 2086 4047 dentharpagas
2133 3981 2144 4048 Ι
2190 3980 2443 4047 bipensile
2494 3980 2650 4034 forci-

489 4044 714 4109 pendent
749 4044 1002 4111 harpagae
1039 4047 1297 4114 (sortipem
1333 4047 1506 4098 codex
1543 4051 1792 4113 optimus)
