2881 4580
1235 279 1514 335 SATmAE
2346 281 2425 345 27

212 460 274 510 Η
286 465 373 518 est
415 455 666 534 ingens,
713 461 773 514 et
818 471 953 514 ecce
998 471 1177 516 canes
1204 451 1485 513 Laconici
1515 452 1686 513 etiam
1720 453 1878 515 circa
1907 473 2169 519 mensam
2198 455 2428 519 discur-

284 559 416 603 rere
464 546 813 618 coeperunt.
871 546 1141 599 secutum
1179 546 1266 599 est
1294 536 1404 598 hos
1450 538 1885 617 repositorium,
1930 540 1988 600 in
2037 559 2174 620 quo¹
2199 541 2428 621 positus

282 636 412 688 erat
440 624 668 704 primae
696 622 1120 702 magnitudinis
1149 641 1310 702 aper,
1342 631 1399 683 et
1431 622 1667 701 quidem
1698 624 1987 703 pilleatus,
2018 644 2051 686 e
2081 625 2249 688 cuius
2278 626 2426 687 den-

282 711 446 773 tibus
474 708 793 788 sportellae
824 708 1240 787 dependebant
1261 707 1412 769 duae
1437 707 1709 787 palmulis
1729 718 1941 781 textae,
1972 710 2149 772 altera
2174 713 2428 791 caryotis

202 806 237 856 5
281 797 463 858 altera
505 793 793 856 thebaicis
836 793 1078 873 repleta.
1139 794 1292 855 circa
1325 801 1518 854 autem
1551 793 1812 855 minores
1842 795 2085 873 porcelli
2117 814 2188 857 ex
2218 806 2426 875 copto-

282 878 573 962 placentis
601 879 763 952 facti,
795 879 960 957 quasi
993 878 1275 939 uberibus
1306 878 1703 951 imminerent,
1736 880 1986 941 scrofam
2018 899 2145 942 esse
2175 882 2425 959 positam

281 963 714 1046 significabant.
761 972 819 1025 et
850 963 909 1024 hi
937 963 1175 1042 quidem
1205 963 1555 1043 apophoreti
1582 964 1845 1025 fuerunt.
1888 974 2150 1027 ceterum
2171 966 2240 1027 ad
2265 967 2425 1027 scin·

282 1051 540 1113 dendum
568 1067 778 1129 aprum
802 1067 923 1110 non
948 1049 1046 1110 ille
1070 1048 1293 1128 Carpus
1316 1048 1581 1123 accessit,
1606 1049 1705 1128 qui
1730 1049 1906 1109 altilia
1928 1050 2299 1126 laceraverat,
2323 1051 2426 1114 sed

282 1135 564 1197 barbatus
606 1136 852 1214 ingens,
896 1133 1090 1196 fasciis
1136 1132 1466 1195 cruralibus
1508 1133 1779 1212 alligatus
1809 1143 1868 1194 et
1896 1135 2102 1198 alicula
2131 1136 2424 1198 suborna-

174 1231 238 1284 10
282 1229 379 1283 tus
420 1220 735 1300 polymita,
778 1218 1101 1298 strictoque
1145 1217 1448 1279 venatorio
1485 1218 1676 1279 cultro
1706 1219 1858 1281 latus
1888 1220 2016 1299 apri
2045 1220 2426 1283 vehementer

283 1306 595 1386 percussit,
626 1323 696 1366 ex
727 1304 897 1366 cuius
927 1304 1098 1384 plaga
1126 1302 1284 1364 turdi
1316 1303 1710 1364 evolaverunt.
1769 1305 1957 1383 parati
1987 1324 2247 1384 aucupes
2288 1325 2424 1368 cum

280 1389 714 1453 harundinibus
756 1391 1001 1452 fuerunt
1030 1399 1088 1450 et
1118 1407 1220 1450 eos
1250 1388 1406 1449 circa
1436 1388 1759 1449 triclinium
1788 1389 2094 1452 volitantes
2122 1400 2424 1454 momento

283 1484 665 1555 exceperunt.
724 1474 861 1536 inde
898 1493 1035 1536 cum
1066 1492 1239 1537 suum
1269 1472 1486 1552 cuique
1517 1473 1780 1535 iussisset
1808 1475 2018 1536 referri
2049 1475 2422 1551 Trimalchio,

280 1561 522 1623 adiecit:
572 1560 763 1621 ‘etiam
810 1560 1031 1635 videte,
1078 1577 1252 1638 quam
1297 1577 1519 1637 porcus
1563 1558 1659 1619 ille
1694 1558 1986 1620 silvaticus
2016 1559 2194 1621 lotam
2224 1578 2422 1622 come-

156 1658 214 1710 15
277 1647 433 1709 derit
461 1644 772 1724 glandem’.
817 1644 1012 1707 statim
1042 1644 1212 1725 pueri
1242 1644 1311 1704 ad
1339 1643 1650 1722 sportellas
1672 1653 2065 1719 accesserunt,
2099 1662 2250 1723 quae
2273 1664 2423 1725 pen-

279 1732 501 1793 debant
545 1749 576 1791 e
620 1729 924 1803 dentibus,
966 1729 1384 1806 thebaicasque
1427 1737 1489 1788 et
1528 1738 1795 1809 caryotas
1830 1729 1899 1789 ad
1932 1747 2247 1792 numerum
2277 1729 2423 1791 divi-

277 1836 410 1879 sere
445 1815 814 1877 cenantibus.
873 1814 1112 1876 interim
1144 1832 1286 1893 ego,
1331 1813 1432 1892 qui
1464 1813 1753 1892 privatum
1786 1813 2069 1875 habebam
2102 1834 2420 1891 secessum,
2441 1818 2518 1879 41

279 1903 340 1964 in
386 1900 602 1963 multas
645 1900 1028 1980 cogitationes
1071 1899 1359 1960 deductus
1401 1916 1569 1972 sum,
1616 1917 1797 1977 quare
1843 1919 1985 1979 aper
2015 1900 2287 1980 pilleatus
2331 1902 2425 1963 in-

277 1994 507 2048 trasset.
567 1994 877 2064 postquam
923 1985 1118 2063 itaque
1163 1984 1356 2045 omnis
1401 1983 1725 2046 bacalusias
1769 1986 2144 2065 consumpsi,
2189 1986 2423 2047 decrevi

167 2083 234 2135 20
277 2071 647 2149 interrogare
704 2071 867 2131 illum
913 2069 1300 2149 interpretem
1348 2087 1581 2142 meum,
1638 2069 1799 2148 quod
1843 2088 1937 2130 me
1982 2080 2305 2148 torqueret.
2365 2081 2424 2132 at

276 2157 406 2218 ille:
464 2159 660 2235 ‘plane
705 2155 878 2217 etiam
923 2154 1037 2215 hoc
1081 2173 1284 2215 servus
1326 2163 1467 2215 tuus
1509 2153 1769 2215 indicare
1814 2163 2044 2233 potest3
2091 2172 2214 2215 non
2262 2156 2421 2216 enim

275 2240 545 2322 aenigma
575 2249 684 2315 est,
715 2241 818 2303 sed
847 2259 943 2302 res
972 2247 1192 2320 aperta.
1238 2239 1333 2300 hic
1358 2256 1521 2318 aper,
1553 2257 1688 2300 cum
1712 2238 1839 2300 heri
1862 2257 2090 2301 summa
2113 2257 2260 2301 cena
2287 2258 2424 2301 eum

275 2329 655 2400 vindicasset,
700 2345 731 2387 a
764 2325 1022 2388 convivis
1051 2325 1325 2387 dimissus
1353 2335 1461 2398 est3
1498 2324 1694 2402 itaque
1724 2324 1899 2385 hodie
1930 2333 2211 2403 tanquam
2240 2324 2420 2386 liber-

276 2423 374 2475 tus
415 2414 477 2475 in
525 2412 854 2474 convivium
900 2409 1250 2473 revertitur'.
1310 2408 1580 2469 damnavi
1624 2428 1733 2487 ego
1777 2416 2080 2488 stuporem
2125 2427 2324 2470 meum
2363 2420 2422 2471 et

170 2509 232 2562 25
275 2498 426 2560 nihil
469 2496 722 2575 amplius
764 2495 1155 2574 interrogavi,
1201 2513 1278 2555 ne
1322 2494 1555 2555 viderer
1597 2512 1903 2573 nunquam
1949 2493 2107 2555 inter
2136 2495 2421 2558 honestos

276 2602 539 2645 cenasse.

446 2669 586 2729 dum
615 2667 762 2727 haec
792 2664 1123 2743 loquimur,
1156 2681 1308 2743 puer
1336 2662 1672 2741 speciosus,
1704 2662 1919 2725 vitibus
1948 2664 2299 2743 hederisque
2323 2683 2419 2726 re-

275 2753 542 2824 dimitus,
589 2752 761 2812 modo
792 2750 1114 2822 Bromium,
1159 2748 1457 2809 interdum
1489 2747 1744 2827 Lyaeum
1776 2748 2152 2829 Euhiumque
2182 2751 2417 2812 confes-

275 2856 410 2912 sus,
458 2837 769 2898 calathisco
815 2853 954 2896 uvas
999 2834 1356 2896 circumtulit
1385 2842 1445 2893 et
1475 2841 1744 2912 poemata
1773 2834 1997 2895 domini
2026 2836 2122 2896 sui
2153 2835 2415 2897 acutissi-

167 2932 232 2982 30
273 2941 368 2984 ma
411 2940 556 2983 voce
602 2920 875 2982 traduxit.
935 2920 1004 2980 ad
1052 2936 1225 2997 quem
1271 2935 1485 2979 sonum
1520 2936 1840 2980 conversus
1871 2919 2226 2988 Trimalchio
2260 2921 2418 2982 ‘Dio-

275 3007 442 3088 nyse'
486 3007 679 3086 inquit
721 3005 892 3067 ‘liber
936 3004 1100 3066 esto'.
1160 3021 1310 3082 puer
1353 3002 1604 3063 detraxit
1648 3002 1888 3082 pilleum
1934 3023 2078 3084 apro
2123 3005 2418 3084 capitique

275 3112 388 3155 suo
439 3091 735 3172 imposuit.
811 3100 936 3151 tum
983 3088 1340 3150 Trimalchio
1384 3105 1591 3149 rursus
1635 3089 1878 3149 adiecit:
1926 3095 2083 3151 ‘non
2131 3090 2419 3169 negabitis

274 3177 390 3239 me'
443 3177 637 3256 inquit
680 3175 920 3236 ‘habere
965 3173 1241 3235 Liberum
1287 3172 1551 3253 patrem'.
1612 3172 1973 3235 laudavimus
1999 3174 2238 3236 -dictum
2284 3174 2415 3235 Tri-

273 3262 623 3326 malchionis
653 3270 712 3321 et
741 3260 1207 3321 circumeuntem
1236 3276 1488 3337 puerum
1520 3276 1661 3318 sane
1691 3259 2111 3337 perbasiamus.

166 3355 230 3406 35
444 3347 517 3408 ab
563 3347 675 3408 hoc
719 3345 946 3406 ferculo
976 3343 1328 3404 Trimalchio
1361 3344 1429 3403 ad
1463 3342 1730 3404 lasanum
1761 3344 2033 3405 surrexit.
2097 3362 2205 3404 nos
2236 3342 2418 3403 liber-

273 3443 452 3494 tatem
499 3432 627 3492 sine
670 3439 924 3510 tyranno
973 3428 1129 3489 nacti
1174 3427 1479 3507 coepimus
1509 3427 1756 3488 invitare
1786 3429 2159 3489 convivarum
2190 3445 2416 3490 sermo-

276 3538 400 3580 nes,
463 3518 642 3578 Dama
672 3515 868 3593 itaque
900 3514 1126 3593 primus
1155 3532 1289 3574 cum
1322 3512 1657 3592 pataracina
1690 3514 2083 3592 poposcisset,
2130 3511 2291 3574 ‘dies'
2322 3513 2417 3576 in-

273 3604 402 3681 quit
434 3602 602 3664 ‘nihil
646 3610 750 3662 est.
812 3600 951 3661 dum
995 3616 1192 3660 versas
1234 3606 1325 3672 te,
1372 3616 1490 3658 nox
1522 3598 1602 3657 fit.
1662 3598 1859 3676 itaque
1892 3598 2036 3658 nihil
2068 3607 2157 3659 est
2187 3598 2414 3674 meliuS,

274 3706 448 3766 quam
508 3687 579 3747 de
624 3684 898 3747 cubiculo
942 3692 1099 3745 recta
1161 3684 1221 3743 in
1268 3682 1589 3743 triclinium
1633 3683 1737 3743 ire.
1798 3693 1857 3743 et
1899 3683 2186 3745 mundum
2231 3683 2416 3762 frigus

170 3780 232 3830 40
270 3772 604 3835 habuimus.
665 3770 756 3830 vix
787 3788 882 3831 me
913 3768 1158 3830 balneus
1190 3766 1436 3828 calfecit.
1499 3778 1692 3828 tamen
1728 3767 1887 3828 calda
1918 3768 2081 3847 potio
2114 3768 2417 3829 vestiarius

445 3976 511 4026 14
547 3976 706 4023 totam
749 3971 768 4039 ΙΙ
809 3973 871 4025 19
905 3969 1134 4031 fortasse
1169 3968 1453 4021 baucalesis
1496 3968 1504 4036 Ι
1547 3968 1723 4021 duravi
1747 3969 1767 4037 ΙΙ
1795 3972 1859 4022 20
1906 3968 2029 4036 quid
2071 3968 2090 4035 ΙΙ
2135 3970 2200 4020 22
2238 3982 2417 4020 cenam

274 4040 585 4093 vindicasset
611 4039 632 4107 ΙΙ
656 4042 721 4093 34
757 4040 1126 4092 circumeuntes
1152 4038 1171 4105 ΙΙ
1196 4040 1260 4089 37
1299 4037 1485 4089 clamat
1518 4038 1691 4105 itaque
