2881 4580
424 281 505 340 62
1349 278 1658 331 PETRONll

421 457 601 516 immo
633 454 867 533 quoties
911 455 1240 526 theatrum,
1287 462 1352 513 ut
1394 451 1706 513 recitarem
1753 450 2001 530 aliquid,
2049 450 2292 523 intravi,
2337 451 2445 512 hac
2487 470 2586 512 me
2614 465 2659 516 L

420 540 746 602 adventicia
790 540 1062 618 excipere
1107 537 1442 615 frequentia
1504 536 1670 599 solet.
1760 545 2025 598 ceterum
2085 554 2161 596 ne
2207 529 2336 619 [et]
2383 546 2584 597 tecum

419 644 659 704 quoque
690 624 940 686 habeam
970 623 1317 696 rixandum,
1363 631 1491 684 toto
1536 622 1631 682 die
1675 640 1771 683 me
1815 621 1889 682 ab
1922 622 2034 683 hoc
2064 620 2199 682 cibo
2231 620 2584 682 abstinebo’.

420 710 640 772 ‘immo'
686 710 926 788 inquam
961 728 1072 788 ego
1106 709 1176 771 ‘si
1206 707 1401 769 eiuras
1430 707 1777 768 hodiernam
1810 706 2022 782 bilem,
2067 724 2187 768 una
2217 706 2584 768 cenabimus'

1489 814 1521 850 *

587 879 803 940 mando
835 879 1231 941 aedicularum
1263 877 1498 940 custodi
1527 878 1774 938 cenulae
1805 877 2068 938 officium
2628 885 2659 933 5

1484 984 1517 1022 *

317 1058 393 1120 91
589 1049 758 1110 video
806 1049 1020 1110 Gitona
1077 1066 1213 1109 cum
1274 1048 1470 1109 linteis
1514 1056 1573 1108 31
1616 1047 1942 1126 strigilibus
1986 1046 2196 1125 parieti
2238 1047 2580 1127 applicitum

414 1134 644 1195 tristem
689 1136 1146 1212 confusumque.
1233 1133 1446 1208 scires,
1494 1152 1616 1194 non
1664 1133 1919 1193 libenter
1960 1132 2200 1194 servire.
2274 1133 2471 1211 itaque
2520 1142 2584 1194 ut

416 1219 890 1299 experimentum
921 1221 1229 1281 oculorum
1261 1236 1535 1299 caperem

415 1305 708 1366 convertit
735 1305 832 1366 ille
861 1305 1123 1366 solutum
1151 1304 1364 1384 gaudio
1411 1303 1637 1364 vultum
1684 1310 1745 1364 et
1773 1301 2094 1363 ‘miserere’
2136 1300 2331 1380 inquit
2360 1303 2579 1362 ‘frater.

414 1390 517 1451 ubi
561 1409 723 1451 arma
769 1410 892 1451 non
938 1398 1109 1463 sunt,
1168 1390 1351 1451 libere
1411 1390 1646 1467 loquor.
1708 1387 1871 1467 eripe
1930 1405 2025 1447 me
2069 1387 2285 1448 latroni
2328 1396 2580 1448 cruento
2630 1393 2687 1443 10

415 1483 474 1536 et
504 1475 766 1555 qualibet
794 1476 1027 1538 saevitia
1052 1475 1476 1556 paenitentiam
1508 1473 1716 1536 iudicis
1760 1473 1846 1533 tui
1890 1472 2056 1553 puni.
2116 1472 2256 1534 satis
2297 1490 2580 1551 magnum

414 1560 527 1621 erit
570 1562 788 1623 misero
833 1561 1133 1636 solacium,
1180 1569 1279 1622 tua
1327 1559 1626 1620 voluntate
1670 1556 1991 1619 cecidisse'.
2050 1557 2423 1637 supprimere
2468 1576 2578 1636 ego

414 1646 735 1724 querellam
796 1646 1010 1722 iubeo,
1070 1665 1146 1706 ne
1209 1646 1342 1724 quis
1400 1644 1648 1706 consilia
1692 1644 2192 1723 deprehenderet,
2250 1642 2579 1720 relictoque

414 1730 707 1812 Eumolpo
739 1768 824 1778 —
855 1750 995 1792 nam
1027 1731 1086 1792 in
1118 1730 1332 1791 balneo
1359 1748 1601 1791 carmen
1633 1728 1919 1790 recitabat
1949 1762 2032 1772 —
2062 1746 2172 1808 per
2192 1727 2577 1788 tenebrosum

415 1824 474 1877 et
516 1817 819 1879 sordidum
866 1835 1171 1896 egressum
1217 1815 1461 1877 extraho
1508 1814 1722 1875 Gitona
1768 1814 2104 1894 raptimque
2149 1813 2209 1874 in
2257 1813 2580 1892 hospitium
2628 1817 2684 1869 15

412 1919 613 1962 meum
669 1902 930 1982 pervolo.
1020 1901 1342 1980 praeclusis
1399 1899 1613 1961 deinde
1673 1899 1902 1961 foribus
1944 1899 2154 1960 invado
2200 1906 2408 1977 pectus
2450 1915 2577 1958 am-

414 1986 685 2066 plexibus
729 1997 789 2048 et
831 1988 1136 2067 perfusum
1184 2006 1251 2048 os
1294 1985 1552 2047 lacrimis
1596 1983 1783 2046 vultui
1824 2003 1959 2045 meo
1992 2001 2266 2046 consero.
2342 1982 2444 2043 diu
2475 2002 2578 2043 vo-

414 2089 544 2132 cem
577 2080 789 2132 neuter
832 2073 1088 2148 invenit3
1135 2090 1267 2132 nam
1300 2090 1451 2152 puer
1481 2070 1657 2131 etiam
1686 2069 2044 2148 singultibus
2072 2068 2299 2130 crebris
2329 2068 2578 2130 amabile

415 2166 624 2236 pectus
654 2166 1047 2236 quassaverat.
1109 2163 1165 2218 ‘o
1197 2156 1445 2218 facinus'
1477 2155 1747 2235 inquam,
1805 2155 2166 2235 ‘indignum,
2224 2154 2382 2231 quod
2442 2171 2575 2214 amo

413 2250 473 2304 te
506 2242 769 2323 quamvis
799 2243 1061 2319 relictus,
1093 2252 1152 2305 et
1179 2243 1239 2304 in
1274 2244 1386 2305 hoc
1417 2249 1678 2323 pectore,
1709 2259 1846 2302 cum
1874 2241 2093 2302 vulnus
2135 2239 2351 2319 ingens
2380 2239 2580 2315 fuerit,
2625 2243 2683 2295 20

416 2328 655 2390 cicatrix
687 2349 810 2390 non
843 2340 949 2391 est.
1011 2330 1150 2409 quid
1184 2329 1348 2404 dicis,
1378 2328 1681 2410 peregrini
1714 2327 1930 2389 amoris
1961 2322 2313 2387 concessio?
2362 2324 2579 2403 dignus

413 2414 524 2475 hac
567 2414 781 2475 iniuria
827 2414 974 2476 sui‘P
1033 2423 1347 2495 postquam
1394 2433 1457 2476 se
1505 2413 1684 2474 amari
1728 2411 1932 2486 sensit,
1976 2409 2359 2491 supercilium
2407 2410 2581 2472 altius

413 2500 653 2561 sustulit

1477 2604 1510 2642 *

584 2672 717 2730 ‘nec
762 2667 981 2730 amoris
1024 2667 1332 2728 arbitrium
1377 2667 1447 2727 ad
1494 2667 1672 2727 alium
1716 2665 1971 2727 iudicem
2015 2664 2217 2726 detuli.
2275 2664 2378 2725 sed
2426 2663 2578 2725 nihil

412 2754 526 2815 iam
559 2772 800 2832 queror,
835 2752 982 2813 nihil
1005 2752 1117 2812 iam
1142 2752 1407 2825 memini,
1423 2752 1473 2814 si
1496 2753 1651 2813 bona
1674 2752 1791 2813 fide
1815 2750 2235 2832 paenitentiam
2259 2748 2575 2810 emendas’.
2621 2760 2685 2810 25

412 2838 559 2899 haec
589 2855 726 2898 cum
756 2838 914 2899 inter
942 2836 1196 2916 gemitus
1225 2837 1613 2916 lacrimasque
1635 2836 1947 2911 fudissem,
1995 2835 2239 2896 detersit
2267 2835 2363 2895 1113
2395 2834 2574 2913 pallio

412 2922 637 2984 vultum
669 2931 728 2983 et
759 2922 1017 3001 ‘quaeso'
1048 2921 1243 3001 inquit
1274 2922 1565 3003 ‘Encolpi‚
1597 2923 1774 2983 fidem
1804 2921 2125 2982 memoriae
2148 2929 2283 2983 11133
2306 2918 2577 2999 appello:

413 3025 525 3086 ego
555 3016 613 3068 te
642 3007 874 3087 reliqui,
920 3026 994 3068 an
1042 3017 1106 3069 tu
1153 3026 1247 3069 me
1294 3005 1647 3087 prodidisti?
1694 3006 1969 3086 equidem
2000 3007 2187 3068 fateor
2216 3013 2276 3066 et
2304 3022 2446 3083 prae
2477 3022 2575 3065 me

412 3094 576 3154 sero:
625 3111 761 3154 cum
805 3093 955 3154 duos
999 3102 1254 3155 armatos
1284 3094 1572 3167 viderem,
1617 3093 1687 3153 ad
1721 3092 2027 3153 fortiorem
2060 3088 2340 3169 confugi’.
2402 3108 2574 3150 exos-

413 3178 642 3240 culatus
673 3187 882 3258 pectus
926 3178 1212 3259 sapientia
1258 3179 1504 3258 plenum
1534 3177 1709 3238 inieci
1743 3177 2071 3239 cervicibus
2114 3193 2362 3248 manuS,
2408 3185 2469 3235 et
2515 3184 2580 3237 ut
2622 3184 2682 3235 30

413 3264 580 3325 facile
610 3264 981 3343 intellegeret
1007 3264 1228 3326 redisse
1260 3282 1354 3325 me
1385 3264 1448 3325 in
1479 3263 1725 3343 gratiam
1758 3271 1816 3324 et
1838 3262 2058 3342 optima
2081 3261 2196 3322 fide
2220 3260 2575 3321 reviviscen-

411 3358 529 3410 tem
560 3349 892 3424 amicitiam,
924 3358 1050 3411 toto
1080 3357 1324 3428 pectore
1355 3347 1657 3411 adstrinxi.

311 3433 392 3494 92
581 3443 641 3496 et
670 3435 784 3496 iam
830 3435 1008 3515 plena
1053 3453 1170 3495 nox
1217 3443 1343 3495 3131
1387 3433 1721 3512 mulierque
1767 3449 1951 3492 cenae
2011 3431 2284 3491 mandata
2329 3447 2577 3490 curave-

411 3528 530 3594 rat,
577 3538 713 3580 cum
750 3521 1075 3601 Eumolpus
1120 3519 1333 3581 ostium
1366 3519 1579 3600 pulsat.
1640 3518 1945 3595 interrogo
1979 3535 2121 3595 egot
2170 3520 2339 3593 ‘quot
2368 3514 2510 3577 estis
2525 3511 2575 3575 ‘2’

411 3603 720 3683 obiterque
766 3624 874 3684 per
918 3607 1125 3666 rimam
1173 3605 1320 3666 foris
1362 3603 1656 3684 speculari
1701 3601 2145 3681 diligentissime
2190 3600 2382 3679 coepi,
2430 3617 2574 3661 num
2619 3608 2681 3658 35

410 3688 677 3768 Ascyltos
722 3709 839 3751 una
870 3691 1142 3753 venisset.
1204 3690 1418 3751 deinde
1451 3698 1517 3750 ut
1544 3690 1736 3751 solum
1765 3688 2060 3766 hospitem
2104 3686 2238 3760 vidi,
2269 3693 2574 3745 momento

584 3843 608 3891 1
649 3838 732 3889 hic
768 3840 854 3891 vel
886 3840 1081 3908 1133113
1117 3841 1278 3892 rixam
1303 3838 1620 3891 Richardus.
1691 3839 1878 3889 dubito
1914 3842 2093 3888 autem
2129 3850 2201 3885 cm
2239 3836 2431 3885 omissa
2466 3835 2579 3883 sint

410 3905 542 3957 talia
591 3907 908 3960 mehercules
955 3909 1055 3961 iam
1105 3906 1126 3976 ΙΙ
1174 3910 1232 3961 11
1283 3908 1593 3961 sententiam
1633 3922 1740 3973 pro
1789 3904 2154 3972 paenitentiam
2192 3901 2578 3967 Scaliger-anus

399 3975 583 4039 primo
608 3974 629 4042 ΙΙ
659 3978 719 4029 17
756 3976 904 4029 vultu
940 3991 1056 4028 meo
1093 3981 1302 4029 contero
1337 3978 1356 4041 ΙΙ
1399 3978 1467 4028 24
1503 3975 1597 4027 11111
1633 3979 1731 4026 aut
1764 3973 1884 4026 tulit
1918 3972 1939 4040 ΙΙ
1975 3976 2041 4026 25
2077 3971 2386 4025 sententiam
2420 3971 2578 4020 resti·

407 4043 664 4094 tuendum
701 4047 897 4110 opinor
929 4044 1167 4112 iterumn
1194 4048 1257 4100 31
1297 4061 1371 4097 απ
1407 4044 1753 4096 reviviscere?
