2881 4580
443 290 564 351 158
1227 291 1521 345 CARMINA
1559 290 1839 347 PRIAPEA

550 476 580 524 5
667 463 844 526 huius
877 483 1013 525 nam
1042 464 1265 527 domini
1296 464 1504 525 colunt
1531 483 1626 526 me
1656 464 1952 545 deumque
1982 469 2238 531 salutant

667 550 945 630 pauperis
975 551 1175 631 tuguri
1205 557 1375 629 pater
1404 550 1676 628 filiusque
1707 552 2071 627 adulescens,

663 635 811 697 alter
839 636 1065 697 assidua
1097 654 1311 696 cavens
1340 635 1659 712 diligentia,
1693 645 1759 698 ut
1785 637 2005 699 herbae

665 739 836 800 asper
866 730 967 782 aut
997 719 1183 782 rubus
1210 727 1244 780 'a
1278 740 1410 781 meo
1434 720 1557 781 sint
1586 731 1809 784 remota
1839 724 2073 797 sacello,

664 806 811 867 alter
840 825 1014 886 parva
1047 824 1228 867 manu
1259 807 1460 867 serens
1488 824 1664 886 saepe
1695 826 1941 869 munera
1971 809 2151 889 larga.

522 901 578 951 10
662 892 870 952 florido
904 893 1045 953 mihi
1075 892 1321 971 ponitur
1352 890 1507 970 picta
1538 911 1672 954 vere
1703 893 1941 967 corolla,

663 976 937 1055 primitus
966 987 1171 1038 tenera
1202 978 1398 1039 virens
1428 977 1591 1056 spica
1621 978 1816 1039 mollis
1845 979 2053 1053 arista,¹

661 1062 853 1122 luteae
885 1062 1070 1124 violae
1099 1062 1242 1123 mibi
1274 1062 1649 1141 lacteumque
1681 1082 1937 1143 papaver

662 1146 1067 1226 pallentesque
1092 1149 1436 1209 cucurbitae
1466 1157 1525 1209 et
1553 1167 1729 1210 suave
1760 1149 1980 1210 olentia
2010 1149 2178 1223 mala,

658 1250 769 1292 uva
801 1234 1109 1314 pampinea
1141 1233 1364 1295 rubens
1395 1232 1636 1294 educata
1668 1233 1780 1295 sub
1811 1233 2038 1295 umbra.

519 1326 575 1377 15
660 1317 949 1395 sanguine
979 1319 1124 1380 haec
1156 1318 1329 1379 etiam
1362 1318 1504 1379 mihi
1533 1353 1619 1364 —-
1648 1320 1750 1381 sed
1781 1320 2049 1381 tacebitis
2078 1353 2161 1363 —
2206 1336 2365 1380 arma

663 1402 942 1465 barbatus
973 1405 1104 1466 linit
1135 1404 1397 1466 hirculus
1428 1405 1828 1485 cornipesque
1858 1404 2097 1485 capella.

661 1507 769 1567 pro
803 1489 935 1567 quis
966 1489 1167 1551 munia
1197 1489 1527 1551 honoribus
1557 1508 1723 1551 nunc
1753 1507 1997 1552 necesse
2029 1488 2240 1568 Priapo
2273 1497 2361 1550 est

659 1582 959 1652 praestare
989 1585 1051 1637 et
1079 1575 1302 1635 domini
1331 1574 1636 1636 hortulum
1664 1575 2014 1655 vineamque
2046 1572 2217 1635 tueri.

662 1676 845 1736 quare
876 1660 1035 1734 hinc,
1068 1678 1103 1720 o
1134 1660 1325 1741 pueri,
1359 1659 1537 1722 malas
1567 1660 1857 1722 abstinete
1888 1661 2145 1740 rapinas·

517 1753 575 1803 20
661 1743 887 1806 vicinus
918 1765 1106 1825 prope
1136 1745 1296 1807 dives
1327 1754 1416 1807 est
1444 1745 1872 1826 negligensque
1897 1746 2175 1824 Priapus:

660 1828 797 1890 inde
828 1832 1062 1905 sumite,
1093 1831 1297 1893 semita
1327 1820 1481 1907 haec·
1506 1831 1718 1893 deinde
1748 1850 1852 1893 vos
1882 1832 2036 1892 seret
2063 1831 2207 1912 ipsa.

603 2011 850 2066 Lxxxvl
904 2018 932 2066 7
973 2013 1150 2066 colens
1197 2012 1207 2081 Ι
1259 2017 1319 2067 17
1370 2015 1540 2066 omnia
1578 2014 1857 2068 honoribus
1891 2014 1992 2066 hoc
2039 2014 2048 2082 Ι
2097 2016 2162 2066 20
2199 2012 2370 2080 Priapi
2414 2013 2587 2068 Thiol-

431 2095 661 2132 mannus
