2881 4580
478 281 558 341 20
1381 282 1684 337 PETRONII

376 463 458 526 28
651 456 894 533 longum
941 465 1065 516 erat
1107 455 1336 533 singula
1368 455 1656 536 excipere.
1716 455 1912 533 itaque
1942 454 2287 516 intravimus
2316 453 2615 529 balneum,
2639 460 2731 511 HL

479 552 538 603 et
581 541 797 602 sudore
843 540 1066 601 calfacti
1111 552 1413 601 momento
1461 541 1748 621 temporis
1792 541 1862 601 ad
1892 540 2158 619 frigidam
2197 540 2440 602 eximus.
2500 541 2615 602 iam

479 626 833 688 Trimalchio
879 634 1185 703 unguento
1215 627 1493 705 perfusus
1521 624 1890 704 tergebatur,
1939 644 2057 686 non
2089 625 2310 699 linteis,
2357 626 2459 686 sed
2489 626 2615 706 pal—

478 712 573 774 liis
601 730 673 771 ex
702 711 833 771 lana
863 710 1200 772 mollissima
1231 711 1416 772 factis.
1461 720 1584 773 tres
1613 711 1849 772 interim
1879 710 2201 791 iatraliptae
2231 710 2293 770 in
2325 729 2614 790 conspec-

480 807 545 858 tu
594 797 718 857 eius
748 796 1062 856 Falernum
1106 795 1416 875 potabant,
1457 792 1467 878 Ι
1506 805 1726 857 etcum
1771 796 2088 876 plurimum
2120 796 2379 856 rixantes
2422 796 2617 857 effun—
2662 800 2694 851 5
2727 803 2780 853 H

483 882 711 954 derent,
740 881 1093 942 Trimalchio
1124 881 1237 942 hoc
1268 899 1440 943 suum
1471 881 1819 961 propinasse
1848 879 2098 941 dicebat.
2121 878 2128 961 Ι
2153 881 2293 941 hinc
2317 880 2618 943 involutus
2637 888 2733 940 HL

485 967 726 1028 coccina
770 984 1021 1047 gausapa
1058 965 1294 1027 lecticae
1326 966 1635 1045 impositus
1666 974 1755 1027 est
1781 964 2272 1045 praecedentibus
2300 965 2617 1044 phaleratis

484 1051 825 1114 cursoribus
856 1060 1135 1130 quattuor
1164 1060 1222 1112 et
1251 1052 1625 1124 chiramaxio‚
1656 1052 1717 1111 in
1750 1068 1870 1129 quo
1900 1050 2143 1112 deliciae
2173 1050 2300 1111 eius
2321 1051 2617 1112 veheban-

482 1147 600 1211 tur,
631 1155 782 1216 puer
810 1137 1066 1210 vetulus,
1098 1136 1318 1216 lippuS,
1350 1137 1590 1198 domino
1622 1135 2054 1197 Trimalchione
2084 1135 2421 1196 deformior.
2481 1154 2615 1197 cum

487 1240 628 1300 ergo
660 1223 1026 1294 auferretur,
1056 1222 1127 1282 ad
1159 1232 1336 1301 caput
1365 1222 1492 1283 eius
1523 1221 1980 1302 symphoniacus
2010 1237 2145 1281 cum
2174 1220 2434 1282 minimis
2462 1220 2622 1283 tibiis
2668 1223 2727 1275 1⁰

487 1308 730 1368 accessit
760 1314 819 1367 et
847 1316 1124 1386 tanquam
1159 1306 1218 1367 in
1256 1326 1456 1369 aurem
1493 1306 1709 1388 aliquid
1738 1316 1966 1368 secreto
1990 1304 2230 1380 diceret,
2260 1314 2384 1366 toto
2409 1306 2620 1366 itinere

487 1393 755 1453 cantavit.

656 1477 959 1555 sequimur
1006 1496 1115 1538 nos
1144 1476 1526 1538 admiratione
1571 1476 1684 1535 iam
1716 1474 1895 1536 saturi
1927 1484 1985 1536 et
2013 1493 2147 1535 cum
2179 1477 2622 1553 Agamemnone

489 1564 558 1624 ad
591 1564 824 1623 ianuam
855 1562 1247 1641 pervenimus,
1286 1560 1296 1643 Ι
1335 1562 1395 1622 in
1429 1562 1598 1622 cuius
1626 1570 1796 1640 poste
1825 1559 2059 1622 libellus
2088 1570 2215 1621 erat
2236 1578 2371 1620 cum
2396 1561 2505 1621 hac
2528 1561 2622 1621 in·-
2643 1570 2698 1621 Η

488 1648 815 1727 scriptione
847 1647 1029 1708 fixus:
1062 1647 1347 1725 ‘quisquis
1376 1664 1579 1708 servus
1608 1647 1736 1707 sine
1766 1645 2062 1706 dominico
2093 1645 2254 1707 iussu
2285 1646 2442 1707 foras
2464 1646 2624 1706 exie·
2670 1658 2725 1709 15

493 1733 590 1805 rit,
623 1731 870 1811 accipiet
898 1731 1097 1810 plagas
1126 1731 1404 1792 centum'.
1447 1733 1456 1806 Ι
1494 1731 1554 1791 in
1587 1730 1744 1792 aditu
1769 1738 1962 1791 autem
1987 1731 2115 1810 ipso
2141 1729 2329 1791 stabat
2350 1730 2726 1793 ostiariusHL

490 1817 855 1897 prasinatuS,
887 1816 1155 1878 cerasino
1185 1816 1523 1878 succinctus
1551 1814 1819 1893 cingulo,
1851 1826 2026 1894 atque
2056 1815 2115 1875 iu
2149 1815 2317 1876 lance
2347 1825 2628 1893 argentea

490 1901 685 1981 pisum
730 1900 1037 1980 purgabat.
1096 1919 1275 1980 super
1319 1901 1497 1962 limen
1544 1910 1738 1962 autem
1783 1918 1953 1961 cavea
1984 1899 2280 1980 pendebat
2308 1919 2513 1973 aurea,
2559 1901 2623 1962 in

391 1995 472 2058 29
494 2004 607 2067 qua
639 1987 769 2066 pica
799 1985 951 2047 varia
982 1987 1268 2047 intrantes
1297 1986 1600 2047 salutabat.
1660 1994 1919 2047 ceterum
1952 2004 2062 2064 ego
2091 1985 2230 2046 dum
2262 1985 2455 2045 omnia
2499 1994 2627 2047 stu·

493 2091 639 2152 peo,
672 2089 860 2151 paene
901 2071 1277 2151 resupinatus
1317 2090 1488 2132 crura
1532 2089 1659 2131 mea
1689 2071 1857 2148 fregi.
1916 2071 1986 2131 ad
2018 2070 2311 2132 sinistram
2345 2070 2504 2130 enim
2536 2071 2629 2132 in·
2674 2074 2736 2125 20

493 2156 786 2218 trantibus
819 2175 936 2216 non
970 2155 1146 2235 longe
1177 2156 1248 2217 ab
1281 2156 1500 2217 ostiarii
1531 2157 1673 2216 cella
1706 2156 1867 2216 canis
1890 2156 2119 2233 ingens,
2150 2162 2355 2215 catena
2377 2154 2630 2230 vinctuS,

495 2243 556 2305 in
603 2242 825 2323 pariete
871 2252 997 2303 erat
1037 2242 1231 2322 pictus
1274 2259 1571 2322 superque
1617 2241 1893 2321 quadrata
1936 2241 2099 2301 litera
2145 2240 2427 2319 scriptum
2461 2247 2632 2302 ‘cave

496 2347 702 2390 canem
721 2328 752 2388 '.
814 2337 872 2389 et
916 2327 1173 2406 collegae
1217 2328 1454 2406 quidem
1500 2328 1615 2388 mei
1660 2327 1950 2398 riserunt,
1999 2345 2109 2405 ego
2154 2335 2348 2386 autem
2382 2326 2631 2387 collecto

497 2414 705 2493 spiritu
753 2432 875 2474 non
922 2412 1114 2473 destiti
1142 2422 1331 2474 totum
1364 2413 1645 2491 parietem
1677 2412 1970 2491 persequi.
2030 2419 2156 2471 erat
2182 2419 2375 2471 autem
2408 2412 2630 2473 venali-

498 2499 652 2559 cium
686 2517 814 2559 ωιτη
843 2497 1027 2558 titulis
1055 2499 1277 2577 pictum
1295 2543 1309 2570 ,
1342 2507 1402 2557 et
1431 2498 1559 2577 ipse
1589 2497 1941 2558 Trimalchio
1973 2496 2278 2576 capillatus
2307 2497 2630 2559 caduceum
2675 2499 2735 2550 25

493 2583 734 2644 tenebat
763 2583 1141 2661 Minervaque
1186 2581 1438 2643 ducente
1469 2582 1715 2642 Romam
1747 2581 2018 2642 intrabat.
2078 2581 2218 2642 hinc
2249 2581 2631 2658 quemadmo—

494 2670 633 2729 dum
698 2667 1033 2728 ratiocinari
1091 2667 1416 2739 didicisset,
1477 2666 1732 2744 denique
1789 2666 2157 2746 dispensator
2212 2666 2401 2727 sactus
2456 2676 2631 2728 esset.

497 2753 694 2814 omnia
726 2752 1040 2828 diligenter
1069 2752 1337 2812 curiosus
1364 2752 1557 2830 pictor
1588 2769 1721 2812 cum
1753 2751 2140 2830 inscriptione
2168 2750 2515 2812 reddiderat.
2568 2752 2631 2812 in

500 2838 811 2898 deficiente
853 2853 993 2895 vero
1038 2836 1149 2896 iam
1194 2836 1428 2915 porticu
1472 2835 1726 2896 levatum
1770 2845 1971 2897 mento
2016 2836 2075 2897 in
2121 2835 2381 2896 tribunal
2437 2836 2633 2897 excel-

499 2940 628 2983 sum
682 2921 1008 2981 Mercurius
1063 2921 1345 3000 rapiebat.
1403 2930 1636 3000 praesto
1694 2931 1820 2982 erat
1876 2921 2135 2982 Fortuna
2196 2938 2385 2981 cornu
2442 2921 2636 2982 abun·
2678 2922 2740 2974 ³⁰

500 3007 662 3066 danti
720 3005 957 3085 copiosa
1016 3015 1075 3066 et
1130 3016 1251 3066 tres
1295 3007 1511 3066 Parcae
1569 3024 1740 3067 aurea
1786 3024 1970 3085 pensa
2013 3014 2378 3084 torquentes
2438 3006 2636 3067 notavi

502 3092 677 3152 etiam
708 3091 768 3151 in
802 3091 1034 3170 porticu
1064 3109 1302 3170 gregem
1333 3109 1642 3152 cursorum
1677 3109 1809 3152 cum
1843 3090 2117 3169 magistro
2147 3109 2211 3151 se
2241 3100 2635 3153 exercentem.

502 3184 805 3256 praeterea
851 3176 1071 3254 grande
1116 3176 1431 3238 armarium
1478 3177 1537 3237 in
1584 3177 1800 3255 angulo
1846 3176 1992 3249 vidi,
2051 3176 2110 3236 in
2158 3175 2326 3237 cuius
2375 3177 2638 3246 aedicula

504 3272 674 3322 erant
717 3261 897 3321 Lares
940 3263 1201 3340 argentei
1245 3262 1419 3341 positi
1453 3261 1819 3340 Venerisque
1863 3261 2096 3340 signum
2139 3278 2533 3322 marmoreum
2578 3270 2638 3323 et

500 3347 671 3491 pyxils)
714 3363 890 3407 aurea
938 3365 1058 3408 non
1103 3347 1343 3426 pusilla,
1389 3347 1450 3406 in
1498 3364 1611 3424 qua
1656 3345 1896 3407 barbam
1940 3346 2124 3424 ipsius
2168 3346 2463 3407 conditam
2509 3365 2639 3408 esse
2680 3347 2741 3398 35

544 3434 630 3493 ice
675 3440 795 3492 ant.

676 3602 1039 3680 interrogare
1061 3617 1201 3680 ergo
1226 3600 1542 3661 atriensem
1564 3600 1752 3680 coepi,
1784 3618 1929 3679 quas
1951 3600 2011 3660 in
2042 3600 2235 3663 medio
2257 3601 2515 3681 picturas
2538 3601 2642 3662 ha·

681 3839 709 3887 5
746 3834 991 3886 bibebant
1008 3834 1053 3885 L
1079 3834 1098 3900 ll
1122 3837 1152 3886 8
1179 3835 1469 3887 ferebantur
1488 3834 1573 3900 Lss
1604 3838 1665 3887 10
1704 3849 1817 3887 cum
1843 3834 2062 3886 minimis
2086 3835 2484 3902 symphoniacus
2511 3833 2531 3902 ΙΙ
2580 3836 2645 3889 16

510 3910 679 3955 autem
717 3919 818 3954 om.
854 3902 899 3953 L
923 3902 943 3969 ΙΙ
972 3907 1029 3955 17
1069 3902 1214 3954 lance
1268 3919 1367 3954 om.
1403 3903 1588 3968 111119
1643 3902 1707 3954 ad
1760 3904 1927 3954 omnia
1965 3904 2213 3953 Heinsius
2235 3903 2254 3970 ΙΙ
2283 3905 2344 3955 27
2401 3903 2518 3955 dein
2563 3903 2649 3953 vel

510 3971 694 4024 deinde
729 3971 772 4022 L
795 3970 815 4039 ΙΙ
843 3973 905 4024 31
944 3971 1151 4037 copiosa
1187 3972 1530 4037 expung-ebat
1569 3970 1786 4021 Goen‘us
1830 3987 1933 4036 quo
1975 3970 2123 4031 facto
2158 3971 2495 4022 scribendum
2530 3986 2647 4023 cum

513 4056 683 4092 cornu.
736 4056 807 4090 an
844 4040 1150 4105 conspicua?
1175 4039 1194 4106 ΙΙ
1221 4041 1288 4091 34
1323 4053 1658 4091 marmoreum
1693 4039 1916 4105 positum
1952 4045 2005 4091 et
2037 4037 2216 4106 111137
2254 4054 2351 4105 ego
2388 4038 2432 4089 L
