2881 4580
436 315 516 374 56
1356 310 1665 365 PETRONH

1499 454 1532 490 >uz

746 590 868 632 non
899 570 1049 631 bibit
1078 570 1237 631 inter
1266 589 1450 649 aquas
1473 589 1648 650 poma
1679 576 1779 630 aut
1808 567 2130 648 pendentia
2154 566 2345 647 carpit
2624 574 2669 625 L

846 656 1127 717 Tantalus
1155 655 1381 728 infelix,
1414 674 1592 734 quem
1622 672 1728 717 sua
1756 662 1888 714 vota
1919 663 2216 733 premunt.

745 741 938 803 divitis
965 742 1112 802 haec
1140 741 1341 819 magni
1371 741 1551 802 facies
1572 741 1703 816 erit,
1737 739 1936 800 omnia
1966 738 2190 800 circum

848 827 951 904 qui
982 835 1147 888 tenet
1178 835 1238 887 et
1266 826 1424 887 sicco
1460 825 1782 904 concoquit
1810 843 1913 885 ore
1944 825 2178 884 samem.

611 1016 734 1058 non
795 996 1048 1056 multum
1105 1004 1344 1076 oportet
1399 995 1648 1057 consilio
1692 994 1969 1067 credere,
2026 994 2162 1072 quia
2219 1009 2385 1053 suam
2430 990 2611 1052 habet
2650 997 2679 1046 5

440 1084 681 1145 fortuna
712 1081 1006 1142 rationem

1504 1185 1538 1222 *

337 1256 419 1321 83
612 1251 672 1312 in
706 1251 1156 1330 pinacothecam
1187 1250 1431 1329 perveni
1455 1249 1615 1310 vario
1646 1266 1867 1328 genere
1898 1246 2231 1309 tabularum
2257 1246 2605 1308 mirabilem.

441 1355 578 1398 nam
626 1344 686 1397 et
728 1336 1019 1398 Zeuxidos
1065 1353 1275 1397 manus
1317 1334 1432 1395 vidi
1480 1335 1746 1395 nondum
1794 1333 2097 1395 vetustatis
2142 1333 2357 1394 iniuria
2400 1332 2603 1405 victas,

440 1432 500 1484 et
542 1421 897 1501 Protogenis
940 1421 1276 1482 rudimenta
1319 1437 1457 1481 cum
1501 1420 1688 1498 ipsius
1732 1428 1978 1480 naturae
2023 1419 2262 1480 veritate
2319 1417 2608 1480 certantia

442 1526 564 1569 non
597 1507 727 1569 sine
757 1507 1011 1586 quodam
1043 1507 1295 1566 horrore
1326 1505 1586 1565 tractavi.
1648 1505 1761 1565 iam
1787 1523 1925 1565 vero
1950 1504 2172 1583 Apellis
2195 1521 2374 1582 quam
2398 1502 2610 1564 Graeci
2655 1507 2713 1558 10

439 1588 854 1678 μονόκνημον
901 1590 1231 1671 appellant,
1279 1590 1451 1651 etiam
1500 1590 1754 1651 adoravi.
1843 1599 2006 1650 tanta
2066 1589 2226 1650 enim
2284 1588 2608 1650 subtilitate

441 1679 840 1739 extremitates
869 1676 1190 1753 imaginum
1225 1684 1396 1736 erant
1425 1676 1495 1735 ad
1528 1675 1970 1736 similitudinem
2004 1674 2333 1754 praecisae,
2379 1682 2445 1735 ut
2475 1691 2610 1734 cre-

443 1764 614 1823 deres
644 1762 817 1823 etiam
865 1762 1200 1821 animorum
1243 1779 1372 1821 esse
1415 1760 1729 1840 picturam.
1791 1761 1932 1821 hinc
1963 1760 2157 1838 aquila
2187 1759 2414 1820 serebat
2443 1758 2608 1820 caelo

443 1847 711 1909 sublimis
727 1847 985 1914 Idaeum,
1012 1845 1176 1906 illinc
1199 1845 1484 1907 candidus
1508 1845 1685 1926 Hylas
1712 1845 2037 1924 repellebat
2058 1844 2391 1924 improbam
2404 1844 2607 1905 Naida.

444 1931 759 1993 damnabat
787 1931 1000 2011 Apollo
1034 1931 1239 1991 noxias
1284 1949 1496 1992 manus
1541 1930 1845 2010 lyramque
1891 1931 2211 1992 resolutam
2257 1931 2433 1991 modo
2468 1938 2607 1990 nato
2653 1930 2708 1981 15

442 2018 589 2089 flore
617 2016 968 2078 honorabat.
1012 2016 1172 2077 inter
1194 2034 1345 2094 quos
1374 2016 1550 2076 etiam
1580 2017 1876 2095 pictorum
1905 2016 2227 2076 amantium
2252 2016 2445 2077 vultus
2473 2026 2608 2076 tan-

445 2120 621 2181 quam
652 2103 714 2164 in
745 2101 1062 2163 solitudine
1093 2102 1433 2162 exclamavi:
1469 2106 1631 2180 ‘ergo
1661 2119 1830 2161 amor
1851 2101 2025 2162 etiam
2048 2102 2191 2162 deos
2214 2102 2420 2180 tangit.
2466 2101 2607 2180 Iup-

444 2188 599 2268 piter
628 2187 690 2249 in
723 2188 887 2249 caelo
933 2206 1042 2247 suo
1075 2206 1197 2247 non
1231 2187 1460 2247 invenit
1489 2187 1650 2265 quod
1681 2186 1978 2265 diligeret,
2024 2187 2123 2247 sed
2159 2195 2513 2266 peccaturus
2543 2186 2606 2247 in

442 2273 616 2336 terris
648 2273 873 2336 nemini
902 2282 1100 2334 tamen
1133 2272 1413 2334 iniuriam
1443 2271 1601 2334 fecit.
1646 2271 1835 2352 Hylan
1861 2272 2128 2353 Nympha
2153 2271 2427 2351 praedata
2456 2280 2608 2334 tem·

442 2369 706 2440 perasset
735 2359 920 2420 amori
950 2377 1080 2431 suo,
1111 2360 1159 2420 si
1191 2367 1510 2420 venturum
1541 2358 1609 2418 ad
1644 2357 2030 2419 interdictum
2063 2358 2382 2419 Herculem
2411 2358 2607 2419 credi·
2650 2356 2705 2407 2⁰

442 2444 641 2506 disset.
686 2444 897 2525 Apollo
922 2444 1091 2525 pueri
1117 2444 1385 2504 umbram
1408 2443 1702 2504 revocavit
1725 2443 1786 2503 in
1811 2443 2036 2516 florem,
2062 2452 2122 2503 et
2146 2462 2353 2505 omnes
2377 2443 2609 2504 fabulae

444 2547 682 2608 quoque
712 2531 842 2591 sine
873 2529 1104 2590 aemulo
1133 2528 1477 2589 habuerunt
1505 2528 1868 2608 complexus·
1929 2538 1988 2589 at
2030 2548 2141 2608 ego
2173 2530 2234 2589 in
2267 2529 2610 2590 societatem

342 2629 349 2642 s
444 2615 644 2694 recepi
675 2615 970 2694 hospitem
1000 2614 1271 2692 Lycurgo
1303 2611 1735 2674 crudeliorem'.

620 2718 758 2761 ecce
781 2709 1000 2772 autem,
1024 2716 1135 2776 ego
1161 2697 1298 2758 dum
1325 2716 1462 2758 cum
1479 2698 1669 2758 ventis
1691 2698 1875 2776 litig0,
1900 2698 2138 2759 intravit
2160 2699 2610 2779 pinacothecam

444 2803 627 2845 senex
651 2802 854 2857 canus,
881 2783 1181 2844 exercitati
1199 2782 1391 2843 vultus
1415 2790 1475 2844 et
1496 2784 1598 2861 qui
1611 2784 1911 2844 videretur
1934 2785 2136 2845 nescio
2161 2784 2302 2863 quid
2329 2802 2613 2863 magnum
2657 2783 2713 2833 25

446 2869 823 2947 promittere,
854 2869 956 2929 sed
990 2868 1152 2929 cultu
1184 2886 1304 2929 non
1338 2868 1593 2948 proinde
1626 2869 1962 2949 speciosuS,
2011 2878 2075 2931 ut
2103 2869 2273 2930 facile
2302 2879 2615 2950 appareret

447 2971 583 3014 eum
613 2971 688 3014 ex
715 2954 824 3014 hac
857 2962 995 3014 nota
1025 2953 1391 3014 literatorum
1425 2973 1587 3026 esse,
1633 2973 1784 3032 quos
1827 2954 2020 3016 odisse
2050 2954 2257 3015 divites
2286 2956 2501 3016 solent.
2564 2956 2613 3017 is

447 3056 591 3117 ergo
622 3038 695 3098 ad
725 3038 877 3100 latus
907 3039 1174 3100 constitit
1203 3057 1400 3099 meum

1506 3145 1540 3182 *

617 3206 767 3287 ‘ego'
797 3208 993 3286 inquit
1024 3213 1218 3287 ‘poeta
1249 3227 1380 3270 sum
1412 3216 1472 3269 et
1499 3218 1567 3270 ut
1596 3228 1804 3289 spero,
1852 3229 1975 3271 non
2008 3209 2318 3270 humillimi
2349 3210 2610 3290 spirituS,

446 3292 495 3354 si
527 3295 702 3354 modo
736 3294 978 3355 coronis
1007 3293 1225 3371 aliquid
1257 3295 1619 3355 credendum
1668 3305 1789 3369 est,
1836 3313 1983 3373 quas
2028 3295 2200 3356 etiam
2246 3296 2318 3356 ad
2348 3295 2612 3356 immeri·
2656 3306 2716 3357 30

447 3386 538 3439 tos
568 3378 798 3440 deferre
828 3379 1015 3457 gratia
1046 3379 1213 3440 solet.
1249 3383 1473 3457 “quare
1519 3380 1700 3459 ergo'’
1731 3380 1932 3458 inquis
1966 3383 2123 3440 “tam
2170 3381 2320 3441 male
2365 3381 2612 3442 vestitus

445 3482 509 3524 es
523 3460 590 3523 ‘P'
661 3472 908 3543 propter
938 3465 1052 3525 hoc
1083 3464 1296 3543 ipsum.
1368 3482 1538 3524 amor
1578 3465 1805 3545 ingenii
1837 3465 2138 3526 neminem
2170 3484 2434 3544 unquam
2465 3466 2611 3526 divi-

442 3555 561 3608 tem
595 3549 752 3609 fecit.

737 3631 747 3713 1
787 3634 889 3712 qui
919 3633 1129 3713 pelago
1163 3634 1368 3709 credit,
1400 3652 1619 3713 magno
1649 3652 1712 3694 se
1742 3635 1984 3695 faenore
2013 3634 2199 3709 tollit3
2622 3649 2713 3700 Lo

587 3803 611 3851 1
650 3798 750 3850 hoc
787 3801 1136 3851 tetrastichon
1167 3806 1293 3867 post
1317 3817 1376 3867 p.
1406 3803 1486 3863 14,
1512 3803 1543 3851 3
1580 3805 1705 3851 ante
1737 3817 1791 3865 p.
1818 3803 1900 3865 21,
1926 3803 1992 3853 34
2017 3802 2145 3852 olim
2182 3802 2355 3853 locum
2380 3803 2569 3854 habuit
2587 3801 2605 3869 ΙΙ

448 3870 477 3920 3
509 3871 643 3933 puto
678 3867 852 3918 miseri
899 3867 907 3934 Ι
956 3869 1125 3920 omnia
1162 3884 1376 3922 cernens
1411 3868 1564 3934 libri,
1608 3870 1778 3921 omnia
1825 3869 1929 3921 late
1975 3870 2300 3935 Fulgentius
2337 3871 2357 3937 ΙΙ
2402 3873 2434 3923 4
2470 3874 2614 3923 tenet

444 3935 803 4000 Fulgentius:
856 3936 1003 3988 timet
1028 3938 1178 3998 „libri
1218 3937 1238 4004 ΙΙ
1286 3941 1341 3990 11
1398 3952 1757 3990 monocremon
1800 3939 1819 4005 ΙΙ
1869 3941 1930 3991 13
1979 3936 2211 3998 fortasse
2246 3938 2330 3990 hic
2365 3944 2417 3989 et
2450 3938 2556 3989 illic
2590 3940 2612 4005 fl

448 4006 514 4058 14
549 4003 700 4055 deum
734 4004 755 4072 fl
793 4006 855 4057 18
893 4004 1106 4070 eligeret
1141 4010 1194 4056 et
1245 4005 1264 4069 ΙΙ
1319 4008 1382 4059 19
1418 4006 1723 4070 imperasset
1769 4004 1789 4073 u
1836 4008 1900 4059 22
1937 4006 2225 4059 habuerunt
2260 4007 2371 4058 sine
2407 4006 2612 4059 aemulo

436 4087 572 4137 pars
607 4073 868 4124 librorum
903 4070 923 4138 ΙΙ
959 4074 1022 4125 27
1060 4073 1320 4125 literatum
1354 4074 1372 4142 ΙΙ
1409 4076 1475 4126 30
1511 4073 1780 4140 imperitos
