2881 4580
490 287 609 346 128
1462 286 1659 341 INDEX

486 459 781 525 elegidaria
818 457 1229 509 Trimalchionis
1264 459 1511 508 hexame-
1609 459 1943 522 septenarius
1978 457 2201 508 Italicus
2250 457 2337 524 qui
2386 455 2450 507 de
2487 455 2641 509 nobis

557 531 657 578 tris
675 526 1156 592 binis-singulisque
1163 528 1512 592 pentametris
1819 525 1971 590 longe
2014 525 2168 577 venio
2216 527 2540 590 aenigmatis
2573 526 2640 577 58

693 595 826 647 eheu
862 609 955 646 nos
990 595 1205 647 miseros
1242 597 1309 647 34
1613 593 2045 660 hendecasyllabi
2078 593 2187 645 ales
2222 591 2487 644 Phasiacis
2522 609 2641 643 ver-

491 661 1353 783 senadifffgieczzzogffgcgeezi358
1372 744 1512 780 mae-
1819 660 2160 781 falmtxnffi
2220 729 2357 781 oculi
2424 729 2505 781 IX
2566 727 2641 790 fr.

762 804 871 851 stos
904 815 1091 849 versus
1124 798 1282 850 LXV
1310 800 1375 852 89
1886 796 2045 849 XXIX

695 866 878 918 Italici
926 867 1155 919 luxuriae
1207 867 1338 918 rictu
1386 865 1521 933 Syri
1823 865 2001 916 infelix
2054 864 2207 917 modo
2257 865 2482 917 crinibus
2541 865 2650 917 VII
2673 892 2679 901 ι

766 951 949 985 versus
983 935 1114 986 XVI
1142 938 1207 988 55
1889 936 1986 986 109

492 1005 779 1055 choliambi
812 1005 934 1054 artis
967 1018 1176 1055 severae
1200 1001 1362 1070 siquis
1396 1018 1515 1052 ver-
1820 1001 1941 1053 nolo
1980 1001 2119 1070 quod
2155 1003 2306 1068 cupio
2342 1002 2403 1052 II
2435 1004 2498 1055 15

762 1087 854 1121 sus
891 1071 1027 1123 VIII
1056 1075 1086 1123 5
1820 1069 1988 1136 qualis
2025 1085 2126 1121 nox
2163 1070 2263 1122 fuit
2302 1070 2357 1121 V
2384 1073 2450 1122 79

491 1141 852 1191 Anacreontei
877 1153 1006 1191 anus
1028 1142 1231 1192 recocta
1254 1139 1375 1189 vino
1400 1153 1517 1188 ver-
1820 1137 1907 1204 qui
1981 1138 2154 1190 vultur
2223 1139 2364 1191 iecur
2432 1137 2521 1189 IV
2573 1135 2648 1197 fr.

766 1224 858 1258 sus
892 1207 950 1257 II
978 1204 1050 1267 fr.
1088 1206 1198 1259 XXI
1886 1204 2027 1257 XXV

699 1274 1060 1341 Memphitides
1107 1274 1309 1343 puellae
1356 1273 1410 1324 V
1439 1273 1514 1334 fr.
1621 1272 1838 1323 Sotadei
1892 1273 1990 1325 huc
2049 1274 2149 1325 huc
2203 1277 2308 1324 cito
2369 1272 2646 1324 convenite

767 1343 878 1395 XIX
1893 1358 2080 1392 versus
2117 1342 2205 1396 IV
2231 1344 2296 1395 23

702 1411 886 1477 triplici
925 1410 1069 1464 vides
1102 1416 1161 1462 ut
1197 1415 1310 1463 ortu
1344 1411 1428 1462 IV
1442 1408 1516 1470 l'r.
1825 1413 1900 1461 ter
1956 1410 2175 1529 {orripui
2235 1409 2517 1462 terribilem
2576 1407 2653 1460 IX

936 1919 1321 1982 SERMONIS
1366 1918 1803 1980 SATIRARVM
1848 1918 2223 1980 SPECIMEN

1064 2050 1374 2095 pnovanau
1401 2050 1762 2095 cnossam‘rA
1788 2049 2089 2094 nvs‘rchNA

676 2191 832 2242 omisi
882 2190 1145 2240 vocalium
1199 2191 1712 2255 consonantiamque
1767 2191 2164 2240 immutationes
2224 2204 2362 2254 quae
2418 2192 2656 2240 rusticae

495 2263 714 2327 possent
755 2258 932 2310 videri
975 2258 1241 2324 plurimas
1274 2264 1563 2325 propterea
1599 2260 1728 2324 quia
1771 2259 1830 2308 in
1867 2259 1966 2309 hoc
2001 2272 2198 2323 genere
2232 2257 2432 2310 codicis
2478 2273 2658 2309 recen-

509 2331 701 2380 tissimi
753 2326 801 2378 T
795 2329 1133 2392 raguriensis
1176 2329 1492 2378 testimoniis
1531 2342 1726 2393 parum
1770 2329 1988 2378 omnino
2034 2326 2164 2389 fidei
2206 2329 2298 2379 est.
2375 2331 2538 2392 atque
2580 2331 2657 2378 sic

507 2402 570 2448 ut
612 2398 739 2448 olim
785 2396 1122 2462 repudianda
1167 2401 1459 2446 etiamnum
1507 2410 1690 2446 censeo
1724 2392 2004 2461 Efigeuiam
2041 2396 2340 2460 Agamenon
2389 2395 2657 2447 sciribilita

509 2465 704 2531 tisicuS‚
754 2466 937 2531 qualia
975 2466 1073 2514 etsi
1111 2480 1296 2530 reapse
1330 2463 1560 2525 fuerunt
1600 2468 1658 2514 in
1693 2478 1933 2515 sermone
1963 2463 2184 2529 plebeio,
2227 2462 2292 2513 de
2326 2466 2446 2513 arte
2482 2467 2659 2515 tamen

507 2536 749 2585 Petronii
797 2547 893 2597 ego
937 2535 1015 2583 sic
1056 2536 1234 2583 statuo
1280 2538 1342 2583 ut
1366 2531 1532 2599 plane
1577 2531 1809 2583 noluisse
1845 2547 1964 2582 eum
2007 2530 2286 2593 adfirmem
2319 2534 2514 2582 rustici
2551 2535 2660 2584 oris

507 2602 690 2652 sordes
736 2603 946 2652 imitari
982 2615 1175 2652 omnes.
1244 2616 1372 2651 neve
1418 2602 1540 2666 quis
1592 2600 1744 2665 vulgi
1787 2602 1922 2650 vitia
1974 2615 2039 2651 ac
2081 2601 2334 2650 virtutem
2377 2602 2662 2665 scriptoris

505 2670 732 2735 perinde
766 2671 971 2732 habeat,
1006 2669 1174 2732 digna
1211 2670 1422 2734 quidem
1454 2667 1844 2719 Trimalchione
1879 2672 1957 2717 est
1990 2683 2105 2733 cap.
2131 2669 2196 2719 48
2222 2667 2443 2734 ampolla
2479 2665 2660 2727 forma

512 2754 616 2803 qua
652 2737 940 2803 Apuleium
987 2751 1143 2786 usum
1187 2753 1296 2787 esse
1331 2737 1488 2787 credo
1501 2774 1516 2800 ,
1560 2739 1620 2786 in
1664 2737 2007 2787 Petronianis
2049 2741 2227 2786 tamen
2271 2737 2498 2787 librario
2546 2753 2660 2788 eam

513 2810 783 2872 acceptam
820 2801 1114 2865 referemus
1166 2806 1293 2869 quia
1350 2821 1466 2870 cap.
1502 2806 1566 2856 78
1621 2803 1892 2871 ampollam
1947 2804 2235 2868 indignum
2270 2809 2388 2854 erat
2419 2820 2662 2855 semone

511 2873 757 2938 Encolpi.
828 2887 926 2923 nec
952 2888 1059 2937 pro
1101 2871 1280 2933 frusto
1316 2873 1620 2923 Habinnam
1665 2888 1780 2937 cap.
1817 2874 1881 2924 66
1918 2872 2156 2924 frustrum
2201 2870 2310 2933 feci
2343 2872 2663 2939 loquentem,

512 2956 630 2991 cum
665 2956 775 2992 non
810 2941 979 2992 solum
1015 2939 1173 2992 frusta
1210 2941 1454 2993 decenter
1483 2943 1863 3006 pronuntiasse
1889 2941 2028 2991 idem
2064 2941 2258 2991 ibidem
2283 2940 2540 2992 tradatur
2575 2941 2666 2992 sed

513 3012 674 3060 etiam
707 3011 770 3059 in
806 3009 1071 3074 capitibus
1106 3010 1170 3060 35
1207 3014 1262 3059 et
1295 3012 1360 3061 59
1396 3008 1638 3062 frustrum
1675 3014 1727 3059 et
1761 3008 1947 3061 frustra
1982 3010 2150 3074 ipsius
2184 3010 2356 3060 verbis
2379 3011 2664 3075 scriptoris

512 3080 763 3128 immixta
800 3077 1070 3142 legantur.
1129 3078 1260 3128 llaec
1293 3080 1470 3143 igitur
1505 3094 1601 3128 nec
1624 3080 1919 3128 satirarum
1953 3092 2125 3142 neque
2159 3079 2506 3143 antiquitatis
2536 3094 2662 3144 pro·

507 3150 635 3212 pria
672 3147 798 3197 huic
832 3145 1007 3196 indici
1038 3146 1191 3197 nolui
1223 3148 1534 3197 immiscere.

517 3298 812 3351 absentivos
858 3299 1032 3363 capite
1068 3300 1130 3351 33
1643 3294 1882 3348 adhibete
1919 3299 2139 3347 verbera
2174 3298 2240 3349 45

518 3367 751 3419 abstinax
788 3369 853 3419 42
1642 3364 1792 3416 nobis
1829 3363 2113 3417 adiutasses
2150 3367 2215 3417 62

517 3434 701 3487 accede
740 3435 871 3487 istoc
909 3436 973 3487 57
1643 3431 1930 3484 adventicia
1967 3448 2097 3484 cena
2134 3436 2200 3486 90

517 3507 883 3554 accusativus:
906 3501 1095 3555 accedo
1121 3501 1372 3555 aniculam
1398 3504 1429 3554 6
1455 3500 1542 3552 ad·
1643 3501 1982 3551 adverbium.-
2018 3501 2218 3568 dispare
2255 3501 2472 3568 pallavit
2496 3503 2563 3553 46
2604 3500 2668 3553 sit
2741 3521 2747 3526 ·

583 3572 771 3623 missus
796 3571 1063 3623 Caesarem
1089 3577 1167 3623 est
1200 3574 1258 3623 51
1317 3569 1539 3620 Africam
1709 3568 1971 3620 vinearum
2017 3569 2225 3635 largiter
2259 3573 2322 3622 71
2398 3568 2537 3621 belle
2574 3568 2668 3621 erit

583 3638 658 3690 ire
677 3641 740 3691 48
799 3640 1051 3691 neminem
1077 3638 1203 3690 nihil
1230 3638 1348 3690 boni
1374 3637 1542 3689 facere
1712 3638 1779 3688 46
1848 3636 1980 3688 bene
2017 3637 2115 3689 fuit
2140 3640 2204 3690 65
2258 3637 2487 3690 suaviter
2513 3638 2580 3690 sit
2604 3640 2664 3689 75

588 3708 652 3758 42
706 3706 899 3759 aediles
923 3707 1058 3759 male
1082 3706 1286 3759 eveniat
1310 3709 1376 3758 44
1422 3721 1545 3756 con·
1715 3704 1921 3757 solebas
1945 3706 2154 3757 suavius
2180 3721 2292 3758 esse
2317 3709 2377 3759 61
2402 3707 2471 3758 64
2506 3719 2667 3774 aeque

587 3772 675 3892 der
727 3774 935 3826 frunisci
988 3775 1289 3827 maledicere
1336 3788 1545 3841 persua·
1714 3778 1793 3824 est
1828 3787 1888 3824 ac
1925 3774 1967 3825 si
2004 3776 2070 3826 42
2137 3777 2240 3826 tam
2276 3774 2348 3826 fui
2386 3789 2540 3842 quam
2576 3788 2668 3824 vos

623 3856 709 3892 ere
1717 3840 1840 3893 estis
1884 3845 1948 3894 75

522 3908 585 3959 ab
621 3909 732 3961 acia
767 3914 819 3960 et
854 3923 948 3961 acu
983 3910 1151 3962 omnia
1186 3925 1440 3977 exponere
1477 3912 1543 3962 76
1647 3908 2034 3961 advocationem
2071 3908 2456 3961 commodabam
2494 3910 2560 3963 96

522 3975 620 4027 sibi
656 3992 916 4044 nunquam
952 3977 1147 4030 acidius
1183 3978 1340 4030 fuisse
1376 3980 1442 4031 92
1644 3977 2010 4043 aecrophagiae
2046 3982 2358 4043 corruptum
2392 3978 2460 4029 56

527 4043 849 4110 adcognosco
887 4048 952 4098 69
1654 4045 1905 4097 silvestris
1941 4045 2104 4098 aedon
2145 4047 2234 4098 131
