2881 4580
436 330 515 389 58
1355 328 1663 381 PETRONII

433 503 589 563 idem
619 502 853 577 liceret,
898 501 1117 562 mutavi
1147 501 1452 581 optionem
1500 510 1559 562 et
1607 501 1694 563 “si
1723 501 1922 562 hunc'’
1952 502 2193 581 inquam
2229 504 2596 564 “tractavero
2624 511 2669 562 L

436 588 706 667 improba
738 606 951 660 manu,
996 595 1057 647 et
1084 585 1182 646 ille
1215 605 1336 647 non
1368 587 1643 661 senserit,
1676 588 1861 667 gallos
1888 588 2244 667 gallinaceos
2275 588 2596 668 pugnacis-

433 674 614 734 simos
657 673 807 734 duos
851 671 1089 733 donabo
1134 672 1439 750 patienti”.
1501 672 1570 733 ad
1615 672 1731 734 hoc
1775 682 1973 733 votum
2020 675 2287 752 ephebus
2331 674 2487 734 ultro
2533 693 2597 735 se

432 757 689 819 admovit
716 767 790 831 et,
823 767 988 837 puto,
1018 758 1209 817 vereri
1242 758 1469 837 coepit,
1518 777 1593 818 ne
1638 777 1750 837 ego
1795 757 2318 820 obdormiscerem.
2378 759 2599 820 indulsi

434 862 576 922 ergo
609 844 880 918 sollicito,
913 850 1160 920 totoque
1191 861 1446 922 corpore
1478 843 1623 903 citra
1656 862 1943 905 summam
1984 845 2344 925 voluptatem
2376 863 2472 905 me
2504 845 2599 904 in·
2644 857 2673 906 5

430 929 739 1008 gurgitavi.
798 928 1012 989 deinde
1055 935 1123 988 ut
1167 927 1290 989 dies
1333 929 1523 1001 venit,
1570 930 1737 990 attuli
1780 930 2060 1009 gaudenti
2103 930 2262 1009 quod
2306 929 2597 1009 promise-

431 1033 577 1075 ram.
637 1023 704 1075 ut
733 1013 904 1074 tertia
937 1032 1053 1073 nox
1086 1013 1382 1073 licentiam
1416 1012 1593 1086 dedit,
1632 1015 1981 1076 consurrexi

433 1099 503 1160 ad
549 1117 754 1159 aurem
809 1097 961 1159 male
1007 1098 1354 1160 dormientis
1401 1098 1559 1160 “dii”
1604 1099 1844 1179 inquam
1894 1101 2326 1175 “immol-tales,
2383 1099 2431 1161 si
2484 1118 2594 1178 ego

433 1184 570 1245 huic
602 1183 916 1245 dormienti
960 1183 1259 1244 abstulero
1291 1185 1513 1245 coitum
1558 1185 1805 1262 plenum
1848 1193 1907 1245 et
1952 1184 2299 1264 optabilem,
2347 1203 2456 1264 pro
2487 1184 2597 1245 hac

432 1269 710 1330 felicitate
741 1286 870 1330 cras
901 1287 1088 1349 puero
1121 1279 1498 1330 asturconem
1531 1270 1975 1331 Macedonicum
2010 1271 2295 1348 optimum
2341 1269 2598 1344 donabo,
2646 1281 2702 1331 10

433 1374 569 1416 cum
615 1355 726 1416 hac
770 1363 965 1415 tamen
1014 1354 1383 1433 exceptione,
1428 1355 1479 1416 si
1522 1355 1620 1416 ille
1653 1374 1772 1415 non
1805 1355 2115 1419 senserit''.
2173 1374 2477 1435 nunquam
2511 1356 2593 1416 al-

430 1440 582 1501 tiore
613 1459 824 1501 somno
856 1439 1125 1519 ephebus
1156 1439 1529 1501 obdormivit.
1590 1440 1785 1519 itaque
1816 1441 2073 1521 primum
2106 1441 2341 1520 implevi
2369 1441 2594 1502 lacten-

431 1525 590 1587 tibus
620 1525 852 1605 papillis
881 1544 1122 1600 manus,
1170 1544 1304 1585 mox
1338 1524 1503 1586 basio
1534 1524 1790 1599 inhaesi,
1838 1526 2051 1587 deinde
2081 1527 2142 1586 in
2179 1544 2362 1587 unum
2396 1525 2591 1587 omnia

430 1620 563 1671 vota
592 1610 895 1671 coniunxi.
958 1627 1132 1671 mane
1177 1610 1383 1671 sedere
1429 1611 1489 1670 in
1537 1610 1813 1672 cubiculo
1846 1611 2042 1691 coepit
2072 1620 2249 1689 atque
2280 1620 2591 1691 expectare

430 1696 923 1757 consuetudinem
957 1712 1164 1755 meam.
1225 1696 1339 1756 scis
1385 1705 1608 1774 quanto
1639 1696 1865 1758 facilius
1895 1696 1999 1770 sit,
2047 1696 2352 1758 columbas
2379 1697 2593 1776 gallos·
2651 1707 2702 1756 15

432 1799 549 1859 que
580 1779 938 1859 gallinaceos
966 1798 1162 1840 emere
1209 1798 1383 1859 quam
1430 1791 1842 1856 asturconem,
1890 1790 1949 1842 et
1992 1791 2231 1861 praeter
2272 1783 2389 1843 hoc
2419 1782 2593 1842 etiam

432 1863 746 1938 timebam,
795 1883 872 1925 ne
916 1873 1032 1925 tam
1079 1866 1303 1944 grande
1349 1884 1569 1927 munus
1614 1875 1949 1946 suspectam
1996 1868 2217 1928 faceret
2260 1867 2594 1928 humanita-

430 1958 553 2010 tem
583 1968 795 2010 meam.
857 1969 968 2029 ego
1017 1950 1241 2028 aliquot
1295 1950 1460 2012 horis
1490 1952 1776 2030 spatiatus
1806 1953 1865 2012 in
1898 1952 2221 2031 hospitium
2255 1952 2468 2013 reverti
2501 1952 2591 2013 ni-

432 2034 632 2113 hilque
664 2034 818 2095 aliud
844 2053 1020 2113 quam
1052 2053 1303 2115 puerum
1339 2035 1574 2096 basiavi.
1636 2045 1695 2097 at
1722 2037 1818 2098 ille
1852 2037 2340 2116 circumspiciens
2371 2045 2439 2098 ut
2461 2056 2593 2098 cer-

313 2140 320 2151 *
428 2120 614 2180 vicem
661 2138 851 2181 meam
895 2121 1083 2181 vinxit
1128 2120 1433 2201 amplexu,
1486 2122 1711 2201 “rogo''
1757 2122 1953 2201 inquit
2001 2123 2313 2198 “domine,
2359 2123 2460 2183 ubi
2507 2134 2597 2184 est
2642 2131 2699 2182 20

432 2214 668 2267 asturco
684 2203 754 2266 ‘2⁹’

1497 2313 1530 2351 *

329 2378 409 2441 87
601 2394 734 2437 cum
783 2376 859 2437 ob
904 2377 1058 2437 hanc
1102 2377 1386 2438 offensam
1425 2378 1877 2456 praeclusissem
1922 2377 2064 2437 mihi
2111 2378 2366 2449 aditum,
2413 2396 2592 2456 quem

430 2462 712 2536 feceram,
772 2462 989 2523 iterum
1047 2462 1118 2522 ad
1180 2462 1477 2524 licentiam
1533 2463 1699 2523 redii.
1761 2463 2126 2541 interpositis
2183 2463 2343 2523 enim
2387 2464 2594 2542 paucis

430 2545 663 2617 diebuS,
710 2565 843 2607 cum
891 2546 1097 2608 similis
1142 2565 1311 2608 casus
1356 2566 1469 2609 nos
1513 2548 1575 2609 in
1623 2548 1869 2609 eandem
1916 2549 2217 2609 fortunam
2250 2548 2590 2624 rettulisset,

430 2639 495 2692 ut
523 2632 786 2693 intellexi
815 2641 1066 2693 stertere
1098 2642 1356 2711 patrem,
1404 2651 1617 2711 rogare
1649 2634 1817 2713 coepi
1849 2632 2177 2712 ephebum,
2223 2642 2291 2694 ut
2334 2643 2595 2695 reverte·
2640 2644 2696 2694 25

428 2724 596 2777 retur
624 2717 684 2777 in
719 2717 964 2795 gratiam
996 2734 1258 2789 mecum,
1304 2717 1361 2776 id
1408 2728 1498 2778 est
1541 2727 1607 2779 ut
1651 2727 1957 2799 pateretur
2000 2719 2140 2780 satis
2183 2719 2309 2780 fieri
2342 2718 2485 2792 sibi,
2533 2728 2593 2781 et

427 2810 623 2862 cetera
654 2819 804 2879 quae
849 2801 1031 2862 libido
1065 2801 1316 2863 distenta
1346 2802 1544 2864 dictat.
1606 2813 1664 2864 at
1708 2803 1804 2864 ille
1833 2804 2009 2883 plane
2039 2803 2224 2866 iratus
2256 2803 2403 2865 nihil
2431 2804 2590 2865 aliud

427 2886 662 2946 dicebat
690 2885 803 2946 nisi
836 2887 981 2947 hoc:
1033 2890 1174 2947 “aut
1217 2887 1440 2962 dormi,
1490 2898 1592 2950 aut
1636 2907 1747 2967 ego
1781 2890 1891 2950 iam
1937 2889 2127 2950 dicam
2173 2888 2382 2970 patri''.
2444 2889 2591 2950 nihil

428 2978 518 3031 est
546 2981 662 3031 tam
708 2970 994 3046 arduum,
1043 2972 1200 3050 quod
1247 2992 1367 3033 non
1415 2974 1765 3053 improbitas
1805 2982 2168 3053 extorqueat.
2228 2975 2369 3036 dum
2416 2974 2585 3036 dicit:

431 3057 697 3134 “patrem
729 3056 1066 3131 excitabo’',
1109 3057 1319 3138 irrepsi
1363 3067 1563 3119 tamen
1610 3068 1668 3119 et
1712 3060 1862 3120 male
1908 3060 2267 3139 repugnanti
2312 3060 2595 3139 gaudium
2640 3072 2695 3121 30

427 3141 664 3202 extorsi.
738 3149 796 3201 at
855 3141 950 3203 ille
1010 3161 1131 3203 non
1186 3143 1574 3205 indelectatus
1621 3145 1882 3224 nequitia
1927 3164 2082 3219 mea,
2130 3154 2446 3225 postquam
2491 3145 2594 3206 diu

426 3233 670 3304 questus
708 3235 798 3287 est
840 3226 1151 3307 deceptum
1212 3247 1274 3289 se
1333 3237 1391 3289 et
1433 3228 1691 3290 derisum
1739 3229 2193 3309 traductumque
2237 3230 2590 3291 intercon-

424 3312 773 3391 discipulos,
820 3312 1037 3390 quibus
1067 3313 1340 3374 iactasset
1368 3332 1613 3375 censum
1648 3333 1876 3387 meum,
1927 3315 2179 3377 “videris
2209 3314 2448 3376 tamen''
2494 3316 2590 3376 in-

426 3397 554 3475 quit
601 3400 763 3457 “non
811 3414 915 3457 ero
961 3398 1047 3460 tui
1093 3398 1316 3459 similiS.
1376 3399 1425 3460 si
1472 3400 1611 3477 quid
1659 3401 1772 3474 vis,
1833 3402 1925 3461 fac
1971 3400 2243 3461 iterum”.
2304 3418 2415 3479 ego
2444 3419 2587 3461 vero

423 3482 688 3561 deposita
720 3483 883 3543 omni
915 3483 1141 3544 offensa
1172 3502 1306 3544 cum
1339 3502 1529 3563 puero
1560 3485 1621 3545 in
1653 3486 1900 3563 gratiam
1932 3486 2079 3547 redii
2112 3504 2373 3563 ususque
2404 3484 2592 3546 bene·
2635 3497 2693 3546 35

422 3567 556 3627 ficio
602 3568 728 3628 eius
771 3568 832 3628 in
879 3586 1156 3629 somnum
1201 3567 1475 3648 delapsus
1530 3588 1679 3631 sum.
1781 3572 1881 3632 sed
1946 3590 2068 3631 non
2116 3570 2225 3632 fuit
2268 3578 2590 3633 contentus

421 3652 732 3712 iteratione
789 3653 1057 3732 ephebus
1115 3654 1326 3733 plenae
1383 3655 1737 3717 maturitatis
1795 3666 1854 3716 et
1910 3657 2082 3717 annis
2124 3655 2194 3716 ad
2240 3655 2585 3734 patiendum

423 3736 831 3814 gestientibus.
918 3739 1116 3817 itaque
1162 3740 1432 3801 excitavit
1473 3758 1570 3800 me
1613 3742 1869 3821 sopitum
1931 3751 1988 3802 et
2034 3740 2363 3818 “numquid
2421 3738 2588 3802 visr’

422 3821 634 3899 inquit.
694 3829 754 3882 et
784 3841 905 3883 non
939 3823 1114 3903 plane
1146 3825 1259 3885 iam
1291 3826 1606 3887 molestum
1640 3836 1766 3888 erat
1783 3846 2020 3889 munuS.
2068 3835 2375 3905 utcunque
2406 3826 2590 3905 igitur

594 4025 626 4075 4
661 4022 1030 4077 obdormissem
1069 4025 1146 4093 116
1182 4026 1427 4093 quicquid
1474 4028 1805 4095 promiseram
1842 4009 1873 4094 ΙΙΔ
1906 4029 1966 4080 18
2003 4042 2124 4095 ergo
2168 4028 2533 4081 Tornaesiana
2568 4015 2590 4085 {l

423 4092 492 4141 20
527 4091 695 4143 iunxit
718 4091 738 4159 ΙΙ
762 4093 828 4144 33
866 4107 1073 4146 sensum
1100 4093 1119 4162 ΙΙ
1146 4096 1211 4148 39
1247 4093 1479 4155 fortasse
1512 4096 1697 4162 inquit,
1734 4095 2050 4147 etiamnum?
2084 4096 2238 4162 plane
