2881 4580
1119 277 1256 330 ΜΕΝ
1260 278 1495 331 IPPEAE
2261 277 2291 335 1
2301 276 2379 335 69

1113 451 1325 513 XVIIII
1341 454 1486 528 ,(24)

431 554 519 615 avi
550 563 609 615 et
638 555 787 615 atavi
818 556 1037 629 nostri,
1087 574 1221 617 cum
1268 557 1447 617 alium
1490 574 1559 617 ac
1589 574 1766 635 caepe
1810 575 2014 641 eorum
2057 555 2230 627 verba
2263 555 2386 616 ole-
2429 561 2489 612 63

235 648 387 713 rent,
424 648 617 700 tamen
652 648 898 719 optume
927 641 1170 702 animati
1202 652 1372 704 erant

433 843 607 904 sociis
638 862 700 905 es
729 843 932 918 hostis,
982 760 1521 921 ὴοεῑίὺυξχεὲἔέυε,
1567 847 1786 908 bellum
1833 846 1909 907 ita
1954 846 2112 925 geris
2143 853 2207 907 ut
2237 843 2385 906 bella
2430 850 2489 900 64

238 928 430 989 omnia
461 928 699 991 domum
731 929 963 991 auferas

1193 1033 1323 1093 XXI

435 1133 496 1194 in
530 1133 804 1195 invidiam
834 1135 1074 1196 veniant
1104 1135 1163 1197 in
1196 1136 1312 1197 hoc
1343 1033 1473 1215 i(pgs)o
1506 1137 1874 1216 rapinatores
2431 1140 2490 1223 ⁶⁵.

1176 1254 1334 1315 XXII
1368 1256 1457 1332 (6)

437 1358 559 1400 non
607 1349 662 1400 te
706 1339 889 1419 pudet
930 1340 1120 1415 Mani,
1165 1358 1300 1401 cum
1343 1341 1500 1401 domi
1543 1351 1675 1403 tuae
1720 1340 1877 1402 vides
1923 1339 2392 1401 commilitonum
2435 1351 2495 1402 66

244 1430 476 1484 tuorum
506 1424 781 1486 cohortes
809 1426 989 1487 servis
1021 1426 1137 1487 tuis
1168 1426 1504 1487 ministrare
1536 1424 1882 1487 caementa?

1140 1544 1324 1605 xxm
1354 1545 1486 1621 (14)

386 1635 395 1643 '
439 1646 550 1688 nos
580 1646 722 1709 ergo
757 1628 903 1689 nihil
935 1629 1178 1709 egimus,
1206 1631 1361 1709 quod
1395 1630 1588 1711 legem
1620 1630 1938 1695 Lucaniam
1970 1629 2086 1691 luci
2118 1628 2275 1689 claro
2308 1626 2391 1687 la·
2437 1642 2496 1691 67

246 1719 357 1771 tam
387 1711 734 1775 scutulans?

1127 1799 1341 1860 xxnn
1374 1802 1505 1878 (26)

439 1899 762 1963 Volcanum
817 1920 1020 1963 aecum
1076 1922 1258 1964 novae
1312 1904 1593 1982 lagoenae
1647 1904 1894 1967 ollarum
1943 1906 2229 1984 figurator
2257 1920 2392 1982 pre·
2438 1917 2496 1969 68

249 1991 409 2045 catur

1162 2071 1312 2133 XXV
1343 2075 1365 2149 (
1376 2076 1474 2151 16)

439 2182 506 2233 ut
537 2190 755 2234 novum
786 2172 1048 2234 cribrum
1082 2193 1234 2235 novo
1265 2175 1482 2254 paxillo
1515 2178 1768 2255 pendeat
2437 2190 2496 2240 69

1167 2293 1348 2355 XXVI
1380 2295 1466 2372 (9)

447 2397 566 2438 non
604 2378 888 2440 Hercules
918 2387 1129 2459 potest,
1162 2380 1261 2458 qu'i
1292 2381 1530 2460 Augeae
1562 2380 1777 2460 egessit
1805 2370 2057 2482 κόπρον
2437 2396 2496 2446 70

969 2561 1203 2614 CAPRIN
1213 2561 1306 2613 VM
1345 2562 1674 2615 PROELIVM

1113 2683 1191 2716 πε
1206 2685 1236 2733 ρ
1252 2669 1271 2715 ὶ
1307 2660 1515 2732 ἡδονῆ
1529 2682 1552 2718 s

656 2857 834 2914 unam
868 2854 1141 2915 virtutem
1173 2770 1474 2935 pr(11p(r2i)am
1506 2856 1838 2917 mortalibu'
1870 2855 2025 2929 fecit,
2446 2865 2502 2915 ἰι

655 2947 850 2999 cetera
882 2940 1222 3018 promisque
1254 2941 1437 3003 voluit
1468 2943 1800 3004 communia
1833 2941 2048 3002 hahere

1248 3059 1299 3119 II

451 3159 526 3202 ne
557 3140 724 3204 vobis
757 3161 1049 3216 censeam,
1083 3144 1131 3204 si
1164 3145 1231 3205 ad
1266 3061 1659 3208 mglgeferetis
2445 3155 2502 3205 72

420 3364 542 3406 non
577 3364 751 3425 posse
781 3365 845 3408 se
877 3346 1125 3426 amplius
1155 3263 1440 3427 ΡΘΙιἙῖΙθὲ-Ξὲ,
1472 3360 1665 3410 tamen
1699 3348 1905 3410 suadet
1938 3355 2102 3408 notat
2448 3358 2506 3411 73

420 3520 485 3570 63
523 3516 589 3569 N.
623 3534 677 3583 p.
715 3519 810 3569 201
851 3529 1008 3580 caepe
1033 3514 1052 3581 ll
1080 3517 1146 3567 64
1179 3515 1245 3567 Ν.
1279 3532 1332 3581 p.
1374 3519 1472 3569 248
1512 3517 1701 3568 bellum
1731 3517 1749 3579 ΙΙ
1774 3518 1838 3568 65
1875 3515 1943 3567 Ν.
1977 3532 2028 3580 p.
2072 3516 2166 3566 167
2205 3514 2406 3579 rapina·

252 3591 387 3639 tores
414 3586 433 3653 ss
460 3589 526 3639 66
561 3585 629 3638 Ν.
661 3587 799 3652 p.9l
839 3588 891 3634 et
929 3585 1023 3635 196
1059 3592 1320 3636 caementa
1362 3584 1469 3651 {167
1508 3585 1575 3636 N.
1605 3601 1661 3650 p.
1700 3587 1798 3637 210
1838 3584 1923 3634 lux
1954 3584 1961 3644 Ι
1994 3582 2236 3634 Liciniam
2275 3582 2407 3633 0εή-

251 3656 421 3717 lerna,
471 3653 721 3706 Lutatiam
760 3652 1137 3716 Quia-heratius
1184 3656 1191 3716 Ι
1239 3650 1626 3717 ἐσκοτώσαμεν
1661 3653 1909 3702 Hertzius
1951 3651 1970 3718 ΙΙ
2014 3653 2077 3704 68
2114 3650 2183 3703 Ν.
2215 3667 2270 3717 p.
2307 3653 2403 3703 543

252 3724 366 3775 aula
398 3724 408 3789 Ι
440 3722 723 3774 Vulcanum
761 3736 856 3772 nec
893 3735 1008 3771 cum
1057 3721 1066 3784 Ι
1114 3720 1360 3787 figurater
1393 3722 1481 3772 vel
1514 3721 1758 3786 figuratur
1793 3721 1924 3771 libri
1956 3721 2197 3786 plerique
2239 3720 2248 3787 Ι
2292 3735 2407 3785 pre-

253 3799 430 3843 cantur
454 3790 474 3857 ΙΙ
500 3793 566 3843 69
602 3789 671 3843 Ν.
704 3806 759 3855 p.
803 3791 897 3841 153
936 3788 1154 3855 paxillus
1180 3789 1198 3855 [Ι
1225 3792 1290 3841 70
1327 3789 1395 3840 Ν.
1424 3807 1483 3856 p.
1522 3792 1621 3841 243
1668 3799 1818 3855 agere
1854 3793 1933 3840 ita
1968 3793 2032 3839 ut
2064 3789 2253 3853 legisse
2287 3804 2405 3839 eum

246 3865 405 3925 putes
441 3859 637 3925 egisset
668 3858 676 3924 Ι
709 3858 934 3922 augebes
971 3856 1061 3908 sed
1099 3872 1322 3922 conpron

314 3983 318 3987 ,
425 3930 482 3978 71
523 3926 591 3979 N.
625 3944 678 3993 p.
717 3928 812 3979 361
853 3926 1112 3992 proprium
1152 3927 1170 3987 ll
1206 3927 1271 3977 72
1307 3924 1375 3975 N.
1409 3942 1461 3991 p.
1501 3926 1597 3978 267
1637 3940 1869 3976 censere:
1906 3923 2138 3985 fortasse
2171 3927 2407 3976 senario-

253 4011 372 4047 rum
401 3995 707 4062 particulae
733 3995 842 4060 1173
880 3993 946 4046 N.
983 4010 1035 4076 p:
1078 3996 1174 4046 302
1212 3993 1340 4075 ferre
1386 3993 1401 4076 l·
1436 4008 1619 4072 posses
1657 4009 1768 4045 eam
1806 3994 2025 4059 amplius
2063 3993 2266 4044 codices
2300 3994 2409 4072 ple·

252 4070 430 4116 utores
459 4065 468 4131 Ι
500 4063 682 4116 suadet
716 4067 774 4114 ut
808 4067 954 4114 notat
978 4062 1160 4126 ezdem,
1198 4078 1399 4113 comem
1435 4067 1594 4114 mstat
