2881 4580
1191 270 1472 323 SATIRAE
2334 277 2409 335 51

176 447 226 497 11
241 459 363 502 non
413 441 507 502 dei
528 441 561 501 ⁹.
604 438 614 523 Ι
655 441 811 502 idem
871 449 929 502 et
973 441 1240 503 Scintilla
1295 441 1446 503 flens
1504 443 1648 505 dixit
1707 463 1774 505 ac
1834 463 1942 525 per
1984 447 2226 525 genium
2286 449 2414 510 eius

166 795 192 843 5

139 1221 192 1271 10

135 1645 186 1695 15

237 526 453 589 Gaium
484 525 841 607 appellando
873 543 1084 605 rogare
1108 527 1321 607 coepit,
1353 536 1419 587 ut
1442 546 1506 589 se
1529 529 1849 609 frangeret.
1897 550 2019 592 non
2045 533 2239 595 tenuit
2261 534 2412 594 ultra

237 612 512 674 lacrimas
558 611 913 673 Trimalchio
972 622 1029 673 et
1075 612 1292 693 ‘rogo'
1337 613 1533 691 inquit
1578 614 1917 690 ‘Habinna,
1979 616 2063 677 sic
2112 619 2411 697 peculium

239 707 409 759 tuum
444 697 824 758 fruniscaris:
858 698 907 758 si
939 698 1077 775 quid
1111 716 1422 777 perperam
1454 700 1585 772 feci,
1620 700 1679 760 in
1713 700 1922 761 faciem
1952 719 2143 763 meam
2174 703 2409 784 inspue.

235 801 494 862 puerum
543 781 756 844 basiavi
802 782 1296 861 frugalissimum,
1341 801 1466 845 non
1513 794 1760 865 propter
1805 786 2077 862 formam,
2123 788 2227 849 sed
2273 790 2408 868 quia

235 869 394 949 frugi
441 875 561 929 est:
610 868 811 928 decem
850 877 1049 947 partes
1079 868 1250 943 dicit,
1296 867 1516 929 librum
1548 870 1623 930 ab
1657 871 1829 932 oculo
1861 870 2030 951 legit,
2078 872 2407 935 thraecium

235 953 350 1015 sibi
395 953 471 1013 de
515 952 719 1014 diariis
764 953 931 1026 fecit,
978 953 1374 1016 archisellium
1419 955 1495 1015 de
1523 975 1632 1017 suo
1663 957 1890 1036 paravit
1920 966 1978 1017 et
2007 958 2152 1019 duas
2183 959 2405 1020 trullas.

237 1057 362 1100 non
408 1046 502 1100 est
545 1039 761 1118 dignus
804 1056 982 1117 quem
1019 1039 1081 1099 in
1115 1038 1302 1100 oculis
1333 1037 1560 1100 feram?
1605 1041 1708 1102 sed
1741 1041 2066 1103 Fortunata
2098 1051 2267 1103 vetat.
2326 1044 2405 1105 ita

235 1123 344 1186 tibi
374 1123 638 1199 videtur,
668 1122 1027 1204 fulcipedia?
1071 1124 1323 1197 suadeo,
1359 1124 1581 1186 bonum
1614 1137 1780 1187 tuum
1812 1146 2185 1207 concoquas,
2216 1129 2405 1201 milva,

237 1218 295 1271 et
340 1228 437 1270 me
485 1228 608 1270 non
655 1209 835 1270 facias
878 1208 1245 1288 ringentem,
1292 1210 1723 1271 amasiuncula:
1775 1213 2035 1291 alioquin
2084 1214 2407 1293 experieris

233 1295 551 1356 cerebrum
597 1312 813 1355 meum.
878 1295 1029 1355 nosti
1076 1313 1200 1356 me:
1246 1295 1405 1374 quod
1451 1296 1636 1357 semel
1681 1297 1994 1371 destinavi,
2043 1298 2204 1359 clavo
2235 1299 2404 1359 tabu·

233 1380 342 1441 lari
388 1382 570 1442 fixum
617 1388 724 1441 est.
776 1379 879 1441 sed
909 1380 1173 1440 vivorum
1210 1380 1674 1442 meminerimus.
1735 1399 1835 1444 vos
1865 1400 2044 1461 rogo,
2088 1383 2290 1457 amici,
2339 1392 2406 1443 ut

232 1465 399 1527 vobis
443 1465 701 1527 suaviter
743 1465 836 1527 sit.
897 1483 1033 1527 nam
1066 1484 1176 1544 ego
1210 1483 1450 1544 quoque
1482 1473 1598 1525 tam
1632 1466 1713 1526 fui
1748 1484 1921 1545 quam
1952 1484 2056 1528 vos
2084 1468 2252 1540 estis,
2301 1469 2402 1529 sed

230 1551 449 1611 virtute
494 1568 624 1611 mea
669 1551 740 1611 ad
787 1550 900 1611 hoc
944 1551 1205 1629 perveni.
1266 1550 1572 1612 corcillum
1619 1560 1709 1612 est
1753 1553 1911 1630 quod
1942 1552 2216 1614 homines
2245 1554 2403 1627 facit,

230 1644 431 1698 cetera
474 1635 792 1715 'quisquilia
838 1636 1056 1696 omnia.
1117 1635 1328 1697 “bene
1373 1654 1540 1710 emo,
1587 1636 1743 1697 bene
1783 1636 2054 1713 vendo'';
2101 1637 2248 1699 alius
2293 1638 2402 1698 alia

231 1721 400 1784 vobis
458 1722 630 1782 dicet.
692 1721 969 1782 felicitate
1027 1720 1266 1782 dissilio.
1328 1728 1391 1781 tu
1452 1730 1681 1796 autern,
1740 1723 2009 1797 sterteia,
2077 1723 2398 1783 etiamnum

229 1804 475 1886 ploras?
530 1806 645 1867 iam
705 1806 961 1879 curab0,
1023 1808 1208 1867 fatum
1265 1815 1433 1867 tuum
1493 1807 1709 1886 plores.
1769 1807 1903 1881 sed,
1964 1817 2029 1869 ut
2089 1826 2399 1888 coeperam

228 1891 463 1965 dicere,
494 1892 565 1952 ad
600 1894 753 1953 hanc
786 1910 878 1953 me
909 1893 1208 1953 fortunam
1242 1892 1544 1971 frugalitas
1573 1909 1701 1953 mea
1732 1893 2024 1973 perduxit.
2083 1902 2202 1954 tam
2234 1913 2399 1974 mag-

232 1995 345 2039 nus
378 1996 453 2038 ex
483 1976 615 2038 Asia
648 1976 813 2051 veni,
862 1995 1034 2056 quam
1067 1977 1163 2038 hic
1195 1977 1583 2039 candelabrus
1613 1987 1721 2040 est.
1781 1979 1852 2039 ad
1882 1995 2203 2053 summam,
2251 1998 2401 2058 quo-

227 2062 368 2124 tidie
415 2081 513 2124 me
558 2062 816 2125 solebam
866 2063 940 2123 ad
982 2062 1146 2122 illum
1192 2062 1416 2136 metiri,
1464 2071 1524 2123 et
1570 2071 1633 2123 ut
1677 2064 1928 2125 celerius
1973 2073 2232 2125 rostrum
2264 2064 2398 2125 har-

226 2146 431 2209 hatum
476 2147 793 2219 haberem,
838 2147 1001 2208 labra
1047 2148 1121 2208 de
1164 2147 1408 2208 lucerna
1455 2147 1772 2227 ungeham.
1833 2158 2027 2209 tamen
2061 2148 2131 2209 ad
2163 2148 2400 2210 delicias

226 2227 493 2318 [femina]
526 2233 721 2314 ipsimi
754 2226 1024 2318 [domini]
1055 2250 1245 2295 annos
1276 2234 1747 2312 quattuordecim
1780 2233 1881 2293 fui.
1946 2251 2055 2294 nec
2085 2242 2259 2313 turpe
2291 2243 2396 2307 est,

226 2319 390 2398 quod
436 2319 714 2381 dominus
758 2319 938 2380 iubet.
998 2336 1107 2398 ego
1152 2329 1350 2380 tamen
1397 2328 1457 2379 et
1501 2319 1743 2399 ipsimae
1789 2314 2105 2402 [dominae]
2147 2319 2286 2380 satis
2312 2319 2397 2378 sa·

226 2403 475 2466 ciebam.
538 2404 728 2478 scitis,
777 2405 918 2483 quid
961 2404 1179 2465 dicam:
1225 2411 1423 2478 tace0,
1473 2404 1608 2482 quia
1654 2421 1777 2463 non
1825 2421 1954 2464 sum
2000 2403 2073 2462 de
2104 2403 2396 2483 gloriosis.

223 2500 524 2564 ceterum,
583 2488 1078 2568 quemadmodum
1136 2490 1194 2550 di
1248 2489 1485 2562 volunt,
1542 2488 1819 2549 dominus
1876 2488 1934 2548 in
1982 2487 2158 2549 domo
2203 2490 2391 2550 factus
2418 2492 2495 2553 76

224 2593 394 2650 sum,
442 2583 502 2636 et
545 2593 685 2636 ecce
729 2574 862 2655 cepi
907 2574 1103 2653 ipsimi
1149 2574 1528 2635 cerebellum.
1591 2573 1730 2652 quid
1775 2571 2001 2634 multa?
2046 2573 2396 2634 coheredem

225 2679 321 2722 me
368 2660 604 2722 Caesari
661 2660 830 2733 fecit,
889 2669 948 2720 et
992 2660 1191 2740 accepi
1243 2659 1668 2739 patrimonium
1713 2659 2084 2720 laticlavium.
2174 2658 2397 2718 nemini

224 2755 424 2807 tamen
473 2745 621 2807 nihil
665 2745 806 2806 satis
849 2754 956 2806 est.
1019 2745 1332 2824 concupivi
1377 2743 1686 2823 negotiari.
1748 2762 1823 2805 ne
1877 2743 2078 2805 multis
2121 2762 2225 2805 vos
2269 2761 2396 2804 mo-

227 2849 360 2904 rer,
420 2832 687 2910 quinque
734 2848 909 2891 naves
953 2831 1283 2904 aedificavi,
1350 2829 1586 2890 oneravi
1633 2829 1833 2890 vinum
1865 2864 1946 2875 —
1980 2839 2039 2890 et
2081 2837 2231 2890 tunc
2274 2840 2398 2890 erat

224 2925 437 2978 contra
483 2934 693 2978 aurum
724 2949 809 2962 --
838 2916 973 2977 misi
1001 2915 1270 2976 Romam.
1328 2923 1572 2996 putares
1604 2933 1696 2974 me
1726 2914 1841 2976 hoc
1871 2914 2142 2975 iussisse:
2191 2933 2397 2976 omnes
2507 2955 2513 2962 -

226 3020 405 3062 naves
437 3003 895 3081 naufragarum,
941 3002 1156 3061 factum
1176 3046 1191 3074 ,
1226 3020 1346 3061 non
1379 3001 1595 3061 fabula.
1655 3018 1778 3060 uno
1808 2999 1904 3060 die
1935 3000 2247 3080 Neptunus
2275 3008 2396 3060 tre-

226 3086 456 3148 centies
499 3086 834 3148 sestertium
880 3086 1193 3147 devoravit.
1254 3086 1475 3166 putatis
1506 3103 1599 3145 me
1630 3082 1960 3146 defecisse?
2006 3103 2126 3145 non
2162 3085 2397 3145 meher-

225 3173 389 3234 cules
434 3172 515 3232 mi
559 3173 704 3233 haec
750 3172 973 3232 iactura
1015 3171 1172 3249 gusti
1217 3171 1356 3244 fuit,
1418 3182 1700 3248 tanquam
1749 3169 1897 3229 nihil
1941 3170 2097 3230 facti.
2188 3169 2399 3230 alteras

224 3258 337 3319 feci
369 3257 627 3319 maiores
662 3265 721 3318 et
763 3256 1040 3317 meliores
1087 3265 1144 3316 et
1189 3256 1518 3329 felicioreS‚
1565 3264 1631 3315 ut
1674 3272 1850 3316 nemo
1898 3272 2021 3314 non
2070 3273 2164 3314 me
2206 3254 2396 3313 virum

222 3344 439 3404 fortem
495 3342 738 3404 diceret.
800 3341 994 3414 scitis,
1054 3359 1264 3419 magna
1312 3341 1474 3402 navis
1520 3358 1792 3421 magnam
1837 3339 2247 3399 fortitudinem
2291 3337 2397 3398 ha-

224 3428 343 3489 bet.
392 3428 632 3489 oneravi
662 3445 871 3488 rursus
902 3427 1134 3500 vinum,
1168 3426 1427 3502 lardum,
1461 3426 1686 3499 fabam,
1719 3424 2052 3504 seplasium‚
2085 3422 2394 3502 mancipia.

223 3513 337 3575 hoc
384 3513 519 3575 loco
553 3513 875 3573 Fortunata
923 3529 1048 3572 rem
1095 3512 1253 3592 piam
1299 3512 1469 3586 fecit3
1518 3530 1696 3572 omne
1741 3508 1899 3569 enim
1946 3525 2153 3568 aurum
2200 3526 2394 3579 suum,

225 3599 423 3661 omnia
469 3598 817 3661 vestimenta
861 3596 1124 3658 vendidit
1153 3605 1212 3658 et
1240 3598 1322 3657 mi
1355 3605 1597 3658 centum
1630 3612 1843 3657 aureos
1874 3593 1932 3654 in
1967 3611 2147 3653 manu
2177 3594 2395 3673 posuit.

226 3683 335 3746 hoc
380 3684 495 3745 fuit
537 3683 752 3764 peculii
801 3683 915 3743 mei
962 3683 1338 3743 fermentum.
1401 3683 1517 3743 cito
1563 3683 1658 3756 fit,
1705 3680 1862 3758 quod
1895 3678 1953 3738 di
1989 3678 2212 3739 volunt.
2272 3698 2396 3740 uno

393 3904 425 3954 2
473 3905 532 3953 ut
568 3898 874 3966 effrangeret
911 3897 983 3967 ΙΙΊ
1034 3898 1359 3951 artissellium
1398 3897 1572 3950 deleta
1611 3900 1802 3964 priore
1838 3911 1864 3949 s
1898 3895 1918 3964 ΙΙ
1956 3898 1988 3950 9
2025 3899 2224 3948 rectius
2259 3896 2401 3947 fulti-

222 3969 371 4035 pedia
407 3974 512 4021 aut
546 3967 846 4035 fulcripedia
889 3968 908 4033 ΙΙ
957 3971 1020 4020 10
1057 3966 1257 4034 faciesll
1285 3968 1344 4019 31
1388 3970 1651 4034 neptunno
1696 3966 1716 4033 ΙΙ
1760 3967 1825 4019 33
1864 3965 2054 4017 factum
2088 3970 2150 4016 ut
2184 3965 2400 4016 videtur

215 4042 396 4105 μήπω
435 4042 557 4090 erat
591 4035 987 4104 scriptum1135
1027 4035 1130 4087 scis

1912 4116 1985 4169 4*
