<?xml version="1.0" encoding="UTF-8"?>
<!DOCTYPE html PUBLIC "-//W3C//DTD XHTML 1.0 Transitional//EN"
    "http://www.w3.org/TR/xhtml1/DTD/xhtml1-transitional.dtd">
<html xmlns="http://www.w3.org/1999/xhtml" xml:lang="en" lang="en">
 <head>
  <title>
</title>
<meta http-equiv="Content-Type" content="text/html;charset=utf-8" />
  <meta name='ocr-system' content='tesseract 3.04.00' />
  <meta name='ocr-capabilities' content='ocr_page ocr_carea ocr_par ocr_line ocrx_word'/>
</head>
<body>
  <div class='ocr_page' id='page_1' title='image "./priapea00senegoog/priapea00senegoog_0053.png"; bbox 0 0 2881 4580; ppageno 0'>
   <div class='ocr_carea' id='block_1_1' title="bbox 1160 288 2374 350">
    <p class='ocr_par' dir='ltr' id='par_1_1' title="bbox 1160 288 2374 350">
     <span class='ocr_line' id='line_1_1' title="bbox 1160 288 2374 350; baseline -0.005 -2"><span class='ocrx_word' id='word_1_1' title='bbox 1160 293 1442 348; x_wconf 72' lang='lat' dir='ltr'>SATfflAE</span> <span class='ocrx_word' id='word_1_2' title='bbox 2296 288 2374 350; x_wconf 83' lang='grc'><strong>47</strong></span> 
     </span>
    </p>
   </div>
   <div class='ocr_carea' id='block_1_2' title="bbox 120 466 2509 3959">
    <p class='ocr_par' dir='ltr' id='par_1_2' title="bbox 153 466 2380 805">
     <span class='ocr_line' id='line_1_2' title="bbox 153 466 2379 548; baseline 0.003 -22"><span class='ocrx_word' id='word_1_3' title='bbox 153 477 273 531; x_wconf 73' lang='lat' dir='ltr'><strong>Bet</strong></span> <span class='ocrx_word' id='word_1_4' title='bbox 297 469 435 530; x_wconf 90' lang='lat' dir='ltr'><strong>ideo</strong></span> <span class='ocrx_word' id='word_1_5' title='bbox 481 466 730 547; x_wconf 86' lang='lat' dir='ltr'><strong>ingenio</strong></span> <span class='ocrx_word' id='word_1_6' title='bbox 762 484 893 527; x_wconf 91' lang='lat' dir='ltr'><strong>meo</strong></span> <span class='ocrx_word' id='word_1_7' title='bbox 922 466 1264 548; x_wconf 87' lang='lat' dir='ltr'><strong>impositum</strong></span> <span class='ocrx_word' id='word_1_8' title='bbox 1296 475 1386 529; x_wconf 88' lang='lat' dir='ltr'><strong>est</strong></span> <span class='ocrx_word' id='word_1_9' title='bbox 1414 466 1498 529; x_wconf 93' lang='lat' dir='ltr'><strong>illi</strong></span> <span class='ocrx_word' id='word_1_10' title='bbox 1529 487 1748 531; x_wconf 91' lang='lat' dir='ltr'><strong>nomen</strong></span> <span class='ocrx_word' id='word_1_11' title='bbox 1778 469 2194 545; x_wconf 82' lang='lat' dir='ltr'><strong>bellissimum3</strong></span> <span class='ocrx_word' id='word_1_12' title='bbox 2243 488 2379 533; x_wconf 89' lang='lat' dir='ltr'><strong>nam</strong></span> 
     </span>
     <span class='ocr_line' id='line_1_3' title="bbox 213 551 2379 631; baseline 0 -15"><span class='ocrx_word' id='word_1_13' title='bbox 213 553 510 616; x_wconf 82' lang='lat' dir='ltr'><strong>Daedalus</strong></span> <span class='ocrx_word' id='word_1_14' title='bbox 553 561 818 613; x_wconf 87' lang='lat' dir='ltr'><strong>vocatur.</strong></span> <span class='ocrx_word' id='word_1_15' title='bbox 878 562 937 613; x_wconf 91' lang='lat' dir='ltr'><strong>et</strong></span> <span class='ocrx_word' id='word_1_16' title='bbox 979 552 1113 631; x_wconf 87' lang='lat' dir='ltr'><strong>quia</strong></span> <span class='ocrx_word' id='word_1_17' title='bbox 1159 551 1377 614; x_wconf 85' lang='lat' dir='ltr'><strong>bonam</strong></span> <span class='ocrx_word' id='word_1_18' title='bbox 1422 564 1683 615; x_wconf 84' lang='lat' dir='ltr'><strong>mentem</strong></span> <span class='ocrx_word' id='word_1_19' title='bbox 1714 554 1919 631; x_wconf 87' lang='lat' dir='ltr'><strong>habet,</strong></span> <span class='ocrx_word' id='word_1_20' title='bbox 1950 556 2116 618; x_wconf 90' lang='lat' dir='ltr'><strong>attuli</strong></span> <span class='ocrx_word' id='word_1_21' title='bbox 2146 556 2227 617; x_wconf 94' lang='lat' dir='ltr'><strong>illi</strong></span> <span class='ocrx_word' id='word_1_22' title='bbox 2258 555 2379 616; x_wconf 89' lang='lat' dir='ltr'><strong>Ro-</strong></span> 
     </span>
     <span class='ocr_line' id='line_1_4' title="bbox 214 636 2380 717; baseline 0 -16"><span class='ocrx_word' id='word_1_23' title='bbox 214 658 307 701; x_wconf 88' lang='lat' dir='ltr'><strong>ma</strong></span> <span class='ocrx_word' id='word_1_24' title='bbox 348 655 577 700; x_wconf 89' lang='lat' dir='ltr'><strong>munus</strong></span> <span class='ocrx_word' id='word_1_25' title='bbox 621 636 845 699; x_wconf 88' lang='lat' dir='ltr'><strong>cultros</strong></span> <span class='ocrx_word' id='word_1_26' title='bbox 883 637 1100 700; x_wconf 87' lang='lat' dir='ltr'><strong>Norico</strong></span> <span class='ocrx_word' id='word_1_27' title='bbox 1143 638 1342 700; x_wconf 85' lang='lat' dir='ltr'><strong>ferro’.</strong></span> <span class='ocrx_word' id='word_1_28' title='bbox 1403 657 1554 717; x_wconf 91' lang='lat' dir='ltr'><strong>quos</strong></span> <span class='ocrx_word' id='word_1_29' title='bbox 1597 640 1789 707; x_wconf 89' lang='lat' dir='ltr'><strong>statim</strong></span> <span class='ocrx_word' id='word_1_30' title='bbox 1834 641 2004 703; x_wconf 88' lang='lat' dir='ltr'><strong>iussit</strong></span> <span class='ocrx_word' id='word_1_31' title='bbox 2045 640 2243 702; x_wconf 82' lang='lat' dir='ltr'><strong>afferri</strong></span> <span class='ocrx_word' id='word_1_32' title='bbox 2286 640 2380 702; x_wconf 91' lang='lat' dir='ltr'><strong>in-</strong></span> 
     </span>
     <span class='ocr_line' id='line_1_5' title="bbox 217 723 2376 805; baseline 0 -19"><span class='ocrx_word' id='word_1_33' title='bbox 217 734 577 805; x_wconf 90' lang='lat' dir='ltr'><strong>spectosque</strong></span> <span class='ocrx_word' id='word_1_34' title='bbox 622 723 866 784; x_wconf 82' lang='lat' dir='ltr'>miratus</span> <span class='ocrx_word' id='word_1_35' title='bbox 910 733 1015 785; x_wconf 90' lang='lat' dir='ltr'><strong>est.</strong></span> <span class='ocrx_word' id='word_1_36' title='bbox 1087 724 1262 785; x_wconf 90' lang='lat' dir='ltr'><strong>etiam</strong></span> <span class='ocrx_word' id='word_1_37' title='bbox 1307 724 1484 786; x_wconf 89' lang='lat' dir='ltr'><strong>nobis</strong></span> <span class='ocrx_word' id='word_1_38' title='bbox 1525 733 1874 805; x_wconf 87' lang='lat' dir='ltr'><strong>potestatem</strong></span> <span class='ocrx_word' id='word_1_39' title='bbox 1922 727 2092 801; x_wconf 80' lang='lat' dir='ltr'><strong>fecit,</strong></span> <span class='ocrx_word' id='word_1_40' title='bbox 2140 736 2204 787; x_wconf 89' lang='lat' dir='ltr'><strong>ut</strong></span> <span class='ocrx_word' id='word_1_41' title='bbox 2246 744 2376 786; x_wconf 87' lang='lat' dir='ltr'><strong>mu-</strong></span> 
     </span>
    </p>

    <p class='ocr_par' dir='ltr' id='par_1_3' title="bbox 147 808 1286 888">
     <span class='ocr_line' id='line_1_6' title="bbox 147 808 1286 888; baseline 0 -19"><span class='ocrx_word' id='word_1_42' title='bbox 147 821 174 869; x_wconf 85' lang='lat'>5</span> <span class='ocrx_word' id='word_1_43' title='bbox 216 827 462 872; x_wconf 90' lang='lat' dir='ltr'><strong>cronem</strong></span> <span class='ocrx_word' id='word_1_44' title='bbox 496 808 569 868; x_wconf 90' lang='lat' dir='ltr'><strong>ad</strong></span> <span class='ocrx_word' id='word_1_45' title='bbox 600 808 845 869; x_wconf 90' lang='lat' dir='ltr'><strong>buccam</strong></span> <span class='ocrx_word' id='word_1_46' title='bbox 876 808 1286 888; x_wconf 79' lang='lat' dir='ltr'><strong>probaremus.</strong></span> 
     </span>
    </p>

    <p class='ocr_par' dir='ltr' id='par_1_4' title="bbox 123 893 2382 1654">
     <span class='ocr_line' id='line_1_7' title="bbox 389 893 2376 976; baseline 0 -21"><span class='ocrx_word' id='word_1_47' title='bbox 389 893 589 956; x_wconf 89' lang='lat' dir='ltr'><strong>subito</strong></span> <span class='ocrx_word' id='word_1_48' title='bbox 634 893 1006 954; x_wconf 88' lang='lat' dir='ltr'><strong>intraverunt</strong></span> <span class='ocrx_word' id='word_1_49' title='bbox 1048 895 1165 956; x_wconf 89' lang='lat' dir='ltr'><strong>duo</strong></span> <span class='ocrx_word' id='word_1_50' title='bbox 1197 893 1381 970; x_wconf 89' lang='lat' dir='ltr'><strong>servi,</strong></span> <span class='ocrx_word' id='word_1_51' title='bbox 1424 903 1706 974; x_wconf 88' lang='lat' dir='ltr'><strong>tanquam</strong></span> <span class='ocrx_word' id='word_1_52' title='bbox 1737 895 1839 976; x_wconf 90' lang='lat' dir='ltr'><strong>qui</strong></span> <span class='ocrx_word' id='word_1_53' title='bbox 1869 894 2054 956; x_wconf 81' lang='lat' dir='ltr'><strong>rixam</strong></span> <span class='ocrx_word' id='word_1_54' title='bbox 2086 895 2156 957; x_wconf 85' lang='lat' dir='ltr'><strong>ad</strong></span> <span class='ocrx_word' id='word_1_55' title='bbox 2188 894 2376 956; x_wconf 89' lang='lat' dir='ltr'><strong>lacum</strong></span> 
     </span>
     <span class='ocr_line' id='line_1_8' title="bbox 220 978 2379 1060; baseline -0 -20"><span class='ocrx_word' id='word_1_56' title='bbox 220 981 531 1053; x_wconf 83' lang='lat' dir='ltr'><strong>fecissent3</strong></span> <span class='ocrx_word' id='word_1_57' title='bbox 577 987 738 1040; x_wconf 89' lang='lat' dir='ltr'><strong>certe</strong></span> <span class='ocrx_word' id='word_1_58' title='bbox 782 978 843 1040; x_wconf 93' lang='lat' dir='ltr'><strong>in</strong></span> <span class='ocrx_word' id='word_1_59' title='bbox 885 978 1039 1040; x_wconf 87' lang='lat' dir='ltr'><strong>collo</strong></span> <span class='ocrx_word' id='word_1_60' title='bbox 1084 980 1274 1041; x_wconf 91' lang='lat' dir='ltr'><strong>adhuc</strong></span> <span class='ocrx_word' id='word_1_61' title='bbox 1319 981 1634 1060; x_wconf 84' lang='lat' dir='ltr'><strong>amphoras</strong></span> <span class='ocrx_word' id='word_1_62' title='bbox 1676 981 1993 1043; x_wconf 88' lang='lat' dir='ltr'><strong>habebant.</strong></span> <span class='ocrx_word' id='word_1_63' title='bbox 2055 997 2191 1042; x_wconf 90' lang='lat' dir='ltr'><strong>cum</strong></span> <span class='ocrx_word' id='word_1_64' title='bbox 2237 998 2379 1059; x_wconf 89' lang='lat' dir='ltr'><strong>ergo</strong></span> 
     </span>
     <span class='ocr_line' id='line_1_9' title="bbox 218 1063 2381 1144; baseline -0 -18"><span class='ocrx_word' id='word_1_65' title='bbox 218 1063 579 1126; x_wconf 86' lang='lat' dir='ltr'><strong>Trimalchio</strong></span> <span class='ocrx_word' id='word_1_66' title='bbox 624 1063 718 1125; x_wconf 91' lang='lat' dir='ltr'><strong>ius</strong></span> <span class='ocrx_word' id='word_1_67' title='bbox 761 1063 920 1125; x_wconf 90' lang='lat' dir='ltr'><strong>inter</strong></span> <span class='ocrx_word' id='word_1_68' title='bbox 961 1063 1257 1144; x_wconf 84' lang='lat' dir='ltr'><strong>litigantes</strong></span> <span class='ocrx_word' id='word_1_69' title='bbox 1299 1064 1550 1139; x_wconf 89' lang='lat' dir='ltr'><strong>diceret,</strong></span> <span class='ocrx_word' id='word_1_70' title='bbox 1598 1075 1812 1127; x_wconf 89' lang='lat' dir='ltr'><strong>neuter</strong></span> <span class='ocrx_word' id='word_1_71' title='bbox 1854 1066 2210 1129; x_wconf 88' lang='lat' dir='ltr'><strong>sententiam</strong></span> <span class='ocrx_word' id='word_1_72' title='bbox 2248 1064 2381 1125; x_wconf 90' lang='lat' dir='ltr'><strong>tulit</strong></span> 
     </span>
     <span class='ocr_line' id='line_1_10' title="bbox 219 1149 2381 1233; baseline -0.001 -20"><span class='ocrx_word' id='word_1_73' title='bbox 219 1149 634 1222; x_wconf 81' lang='lat' dir='ltr'><strong>decernentis,</strong></span> <span class='ocrx_word' id='word_1_74' title='bbox 691 1149 793 1210; x_wconf 90' lang='lat' dir='ltr'><strong>sed</strong></span> <span class='ocrx_word' id='word_1_75' title='bbox 839 1149 1082 1211; x_wconf 86' lang='lat' dir='ltr'><strong>alterius</strong></span> <span class='ocrx_word' id='word_1_76' title='bbox 1126 1151 1473 1229; x_wconf 89' lang='lat' dir='ltr'><strong>amphoram</strong></span> <span class='ocrx_word' id='word_1_77' title='bbox 1514 1150 1670 1212; x_wconf 80' lang='lat' dir='ltr'><strong>fuste</strong></span> <span class='ocrx_word' id='word_1_78' title='bbox 1711 1151 2022 1233; x_wconf 87' lang='lat' dir='ltr'><strong>percussit.</strong></span> <span class='ocrx_word' id='word_1_79' title='bbox 2108 1159 2381 1214; x_wconf 88' lang='lat' dir='ltr'><strong>conster-</strong></span> 
     </span>
     <span class='ocr_line' id='line_1_11' title="bbox 123 1233 2382 1316; baseline -0 -19"><span class='ocrx_word' id='word_1_80' title='bbox 123 1247 176 1297; x_wconf 76' lang='grc' dir='ltr'><strong>ιο</strong></span> <span class='ocrx_word' id='word_1_81' title='bbox 217 1237 343 1297; x_wconf 83' lang='lat' dir='ltr'><strong>nati</strong></span> <span class='ocrx_word' id='word_1_82' title='bbox 387 1254 500 1297; x_wconf 89' lang='lat' dir='ltr'><strong>nos</strong></span> <span class='ocrx_word' id='word_1_83' title='bbox 543 1233 857 1295; x_wconf 89' lang='lat' dir='ltr'><strong>insolentia</strong></span> <span class='ocrx_word' id='word_1_84' title='bbox 904 1234 1203 1295; x_wconf 88' lang='lat' dir='ltr'><strong>ebriorum</strong></span> <span class='ocrx_word' id='word_1_85' title='bbox 1249 1235 1668 1298; x_wconf 87' lang='lat' dir='ltr'><strong>intentavimus</strong></span> <span class='ocrx_word' id='word_1_86' title='bbox 1698 1236 1903 1299; x_wconf 90' lang='lat' dir='ltr'><strong>oculos</strong></span> <span class='ocrx_word' id='word_1_87' title='bbox 1932 1237 1992 1298; x_wconf 92' lang='lat' dir='ltr'><strong>in</strong></span> <span class='ocrx_word' id='word_1_88' title='bbox 2024 1236 2382 1316; x_wconf 86' lang='lat' dir='ltr'><strong>proeliantes</strong></span> 
     </span>
     <span class='ocr_line' id='line_1_12' title="bbox 220 1316 2379 1401; baseline -0.001 -19"><span class='ocrx_word' id='word_1_89' title='bbox 220 1321 671 1400; x_wconf 86' lang='lat' dir='ltr'><strong>notavimusque</strong></span> <span class='ocrx_word' id='word_1_90' title='bbox 717 1327 907 1380; x_wconf 90' lang='lat' dir='ltr'><strong>ostrea</strong></span> <span class='ocrx_word' id='word_1_91' title='bbox 951 1316 1357 1400; x_wconf 87' lang='lat' dir='ltr'><strong>pectinesque</strong></span> <span class='ocrx_word' id='word_1_92' title='bbox 1382 1338 1414 1381; x_wconf 92' lang='lat' dir='ltr'><strong>e</strong></span> <span class='ocrx_word' id='word_1_93' title='bbox 1459 1321 1671 1398; x_wconf 83' lang='lat' dir='ltr'><strong>gastris</strong></span> <span class='ocrx_word' id='word_1_94' title='bbox 1714 1321 1998 1396; x_wconf 85' lang='lat' dir='ltr'><strong>labentia,</strong></span> <span class='ocrx_word' id='word_1_95' title='bbox 2061 1340 2211 1401; x_wconf 88' lang='lat' dir='ltr'><strong>quae</strong></span> <span class='ocrx_word' id='word_1_96' title='bbox 2257 1320 2379 1381; x_wconf 92' lang='lat' dir='ltr'><strong>col-</strong></span> 
     </span>
     <span class='ocr_line' id='line_1_13' title="bbox 218 1404 2381 1486; baseline -0.001 -18"><span class='ocrx_word' id='word_1_97' title='bbox 218 1407 369 1468; x_wconf 88' lang='lat' dir='ltr'><strong>lecta</strong></span> <span class='ocrx_word' id='word_1_98' title='bbox 413 1423 567 1486; x_wconf 89' lang='lat' dir='ltr'><strong>puer</strong></span> <span class='ocrx_word' id='word_1_99' title='bbox 606 1405 777 1465; x_wconf 90' lang='lat' dir='ltr'><strong>lance</strong></span> <span class='ocrx_word' id='word_1_100' title='bbox 823 1404 1202 1466; x_wconf 90' lang='lat' dir='ltr'><strong>circumtulit.</strong></span> <span class='ocrx_word' id='word_1_101' title='bbox 1264 1406 1369 1467; x_wconf 90' lang='lat' dir='ltr'><strong>has</strong></span> <span class='ocrx_word' id='word_1_102' title='bbox 1424 1405 1681 1468; x_wconf 86' lang='lat' dir='ltr'><strong>lautitias</strong></span> <span class='ocrx_word' id='word_1_103' title='bbox 1724 1406 1992 1485; x_wconf 87' lang='lat' dir='ltr'><strong>aequavit</strong></span> <span class='ocrx_word' id='word_1_104' title='bbox 2035 1406 2381 1485; x_wconf 88' lang='lat' dir='ltr'><strong>ingeniosus</strong></span> 
     </span>
     <span class='ocr_line' id='line_1_14' title="bbox 219 1488 2379 1570; baseline -0.001 -18"><span class='ocrx_word' id='word_1_105' title='bbox 219 1508 432 1567; x_wconf 90' lang='lat' dir='ltr'><strong>cocus;</strong></span> <span class='ocrx_word' id='word_1_106' title='bbox 490 1490 551 1550; x_wconf 93' lang='lat' dir='ltr'><strong>in</strong></span> <span class='ocrx_word' id='word_1_107' title='bbox 610 1488 890 1550; x_wconf 89' lang='lat' dir='ltr'><strong>craticula</strong></span> <span class='ocrx_word' id='word_1_108' title='bbox 948 1491 1104 1551; x_wconf 91' lang='lat' dir='ltr'><strong>enim</strong></span> <span class='ocrx_word' id='word_1_109' title='bbox 1153 1501 1437 1570; x_wconf 88' lang='lat' dir='ltr'><strong>argentea</strong></span> <span class='ocrx_word' id='word_1_110' title='bbox 1480 1490 1749 1554; x_wconf 90' lang='lat' dir='ltr'><strong>cochleas</strong></span> <span class='ocrx_word' id='word_1_111' title='bbox 1794 1490 1987 1552; x_wconf 91' lang='lat' dir='ltr'><strong>attulit</strong></span> <span class='ocrx_word' id='word_1_112' title='bbox 2030 1501 2089 1552; x_wconf 89' lang='lat' dir='ltr'><strong>et</strong></span> <span class='ocrx_word' id='word_1_113' title='bbox 2130 1490 2379 1553; x_wconf 90' lang='lat' dir='ltr'><strong>tremula</strong></span> 
     </span>
     <span class='ocr_line' id='line_1_15' title="bbox 218 1575 1144 1654; baseline -0.002 -17"><span class='ocrx_word' id='word_1_114' title='bbox 218 1575 673 1654; x_wconf 86' lang='lat' dir='ltr'><strong>taeterrimaque</strong></span> <span class='ocrx_word' id='word_1_115' title='bbox 700 1593 846 1636; x_wconf 88' lang='lat' dir='ltr'><strong>voce</strong></span> <span class='ocrx_word' id='word_1_116' title='bbox 875 1576 1144 1636; x_wconf 87' lang='lat' dir='ltr'><strong>cantavit.</strong></span> 
     </span>
    </p>

    <p class='ocr_par' dir='ltr' id='par_1_5' title="bbox 123 1659 2383 2063">
     <span class='ocr_line' id='line_1_16' title="bbox 123 1659 2380 1742; baseline -0.001 -20"><span class='ocrx_word' id='word_1_117' title='bbox 123 1673 175 1722; x_wconf 88' lang='lat'><strong>15</strong></span> <span class='ocrx_word' id='word_1_118' title='bbox 390 1660 575 1741; x_wconf 88' lang='lat' dir='ltr'><strong>pudet</strong></span> <span class='ocrx_word' id='word_1_119' title='bbox 597 1661 842 1735; x_wconf 85' lang='lat' dir='ltr'><strong>referre,</strong></span> <span class='ocrx_word' id='word_1_120' title='bbox 873 1677 1022 1739; x_wconf 90' lang='lat' dir='ltr'><strong>quae</strong></span> <span class='ocrx_word' id='word_1_121' title='bbox 1053 1667 1368 1722; x_wconf 84' lang='lat' dir='ltr'><strong>secuntur:</strong></span> <span class='ocrx_word' id='word_1_122' title='bbox 1401 1660 1665 1722; x_wconf 89' lang='lat' dir='ltr'><strong>inaudito</strong></span> <span class='ocrx_word' id='word_1_123' title='bbox 1697 1661 1857 1722; x_wconf 88' lang='lat' dir='ltr'><strong>enim</strong></span> <span class='ocrx_word' id='word_1_124' title='bbox 1886 1679 2053 1722; x_wconf 90' lang='lat' dir='ltr'><strong>more</strong></span> <span class='ocrx_word' id='word_1_125' title='bbox 2083 1659 2251 1742; x_wconf 90' lang='lat' dir='ltr'><strong>pueri</strong></span> <span class='ocrx_word' id='word_1_126' title='bbox 2282 1678 2380 1721; x_wconf 91' lang='lat' dir='ltr'><strong>ca-</strong></span> 
     </span>
     <span class='ocr_line' id='line_1_17' title="bbox 218 1745 2379 1827; baseline -0.001 -19"><span class='ocrx_word' id='word_1_127' title='bbox 218 1747 409 1826; x_wconf 89' lang='lat' dir='ltr'><strong>pillati</strong></span> <span class='ocrx_word' id='word_1_128' title='bbox 437 1746 769 1806; x_wconf 83' lang='lat' dir='ltr'><strong>attulerunt</strong></span> <span class='ocrx_word' id='word_1_129' title='bbox 794 1755 1167 1825; x_wconf 87' lang='lat' dir='ltr'><strong>unguentum</strong></span> <span class='ocrx_word' id='word_1_130' title='bbox 1199 1745 1262 1806; x_wconf 91' lang='lat' dir='ltr'><strong>in</strong></span> <span class='ocrx_word' id='word_1_131' title='bbox 1294 1757 1576 1826; x_wconf 86' lang='lat' dir='ltr'><strong>argentea</strong></span> <span class='ocrx_word' id='word_1_132' title='bbox 1605 1746 1773 1827; x_wconf 91' lang='lat' dir='ltr'><strong>pelve</strong></span> <span class='ocrx_word' id='word_1_133' title='bbox 1815 1746 2115 1826; x_wconf 86' lang='lat' dir='ltr'><strong>pedesque</strong></span> <span class='ocrx_word' id='word_1_134' title='bbox 2146 1763 2379 1807; x_wconf 87' lang='lat' dir='ltr'><strong>recum-</strong></span> 
     </span>
     <span class='ocr_line' id='line_1_18' title="bbox 219 1831 2380 1912; baseline -0.001 -19"><span class='ocrx_word' id='word_1_135' title='bbox 219 1831 492 1893; x_wconf 89' lang='lat' dir='ltr'><strong>bentium</strong></span> <span class='ocrx_word' id='word_1_136' title='bbox 523 1838 857 1905; x_wconf 86' lang='lat' dir='ltr'><strong>unxerunt,</strong></span> <span class='ocrx_word' id='word_1_137' title='bbox 903 1849 1039 1891; x_wconf 90' lang='lat' dir='ltr'><strong>cum</strong></span> <span class='ocrx_word' id='word_1_138' title='bbox 1069 1838 1206 1891; x_wconf 86' lang='lat' dir='ltr'><strong>ante</strong></span> <span class='ocrx_word' id='word_1_139' title='bbox 1238 1849 1412 1892; x_wconf 91' lang='lat' dir='ltr'><strong>crura</strong></span> <span class='ocrx_word' id='word_1_140' title='bbox 1459 1833 1725 1912; x_wconf 88' lang='lat' dir='ltr'><strong>talosque</strong></span> <span class='ocrx_word' id='word_1_141' title='bbox 1770 1832 2007 1893; x_wconf 88' lang='lat' dir='ltr'><strong>corollis</strong></span> <span class='ocrx_word' id='word_1_142' title='bbox 2035 1831 2380 1893; x_wconf 84' lang='lat' dir='ltr'><strong>vinxissent.</strong></span> 
     </span>
     <span class='ocr_line' id='line_1_19' title="bbox 216 1915 2383 1997; baseline 0 -20"><span class='ocrx_word' id='word_1_143' title='bbox 216 1917 363 1978; x_wconf 93' lang='lat' dir='ltr'><strong>hinc</strong></span> <span class='ocrx_word' id='word_1_144' title='bbox 407 1933 479 1976; x_wconf 83' lang='lat' dir='ltr'><strong>ex</strong></span> <span class='ocrx_word' id='word_1_145' title='bbox 522 1916 729 1976; x_wconf 88' lang='lat' dir='ltr'><strong>eodem</strong></span> <span class='ocrx_word' id='word_1_146' title='bbox 777 1926 1087 1995; x_wconf 85' lang='lat' dir='ltr'><strong>unguento</strong></span> <span class='ocrx_word' id='word_1_147' title='bbox 1131 1915 1194 1976; x_wconf 90' lang='lat' dir='ltr'><strong>in</strong></span> <span class='ocrx_word' id='word_1_148' title='bbox 1224 1916 1517 1978; x_wconf 90' lang='lat' dir='ltr'><strong>vinarium</strong></span> <span class='ocrx_word' id='word_1_149' title='bbox 1559 1926 1734 1997; x_wconf 86' lang='lat' dir='ltr'><strong>atque</strong></span> <span class='ocrx_word' id='word_1_150' title='bbox 1778 1917 2084 1979; x_wconf 88' lang='lat' dir='ltr'><strong>lucernam</strong></span> <span class='ocrx_word' id='word_1_151' title='bbox 2114 1917 2383 1996; x_wconf 86' lang='lat' dir='ltr'><strong>aliquan-</strong></span> 
     </span>
     <span class='ocr_line' id='line_1_20' title="bbox 215 2001 774 2063; baseline -0.004 0"><span class='ocrx_word' id='word_1_152' title='bbox 215 2011 345 2063; x_wconf 88' lang='lat' dir='ltr'><strong>tum</strong></span> <span class='ocrx_word' id='word_1_153' title='bbox 376 2009 467 2062; x_wconf 88' lang='lat' dir='ltr'><strong>est</strong></span> <span class='ocrx_word' id='word_1_154' title='bbox 494 2001 774 2063; x_wconf 81' lang='lat' dir='ltr'><strong>infusum.</strong></span> 
     </span>
    </p>

    <p class='ocr_par' dir='ltr' id='par_1_6' title="bbox 120 2086 2385 2506">
     <span class='ocr_line' id='line_1_21' title="bbox 120 2086 2382 2167; baseline -0.001 -17"><span class='ocrx_word' id='word_1_155' title='bbox 120 2099 174 2150; x_wconf 80' lang='lat'><strong>2⁰</strong></span> <span class='ocrx_word' id='word_1_156' title='bbox 389 2087 505 2147; x_wconf 87' lang='lat' dir='ltr'><strong>iam</strong></span> <span class='ocrx_word' id='word_1_157' title='bbox 536 2091 813 2166; x_wconf 89' lang='lat' dir='ltr'><strong>coeperat</strong></span> <span class='ocrx_word' id='word_1_158' title='bbox 844 2086 1169 2148; x_wconf 89' lang='lat' dir='ltr'><strong>Fortunata</strong></span> <span class='ocrx_word' id='word_1_159' title='bbox 1197 2087 1344 2148; x_wconf 88' lang='lat' dir='ltr'><strong>velle</strong></span> <span class='ocrx_word' id='word_1_160' title='bbox 1375 2087 1614 2161; x_wconf 83' lang='lat' dir='ltr'><strong>saltare,</strong></span> <span class='ocrx_word' id='word_1_161' title='bbox 1658 2088 1771 2149; x_wconf 87' lang='lat' dir='ltr'><strong>iam</strong></span> <span class='ocrx_word' id='word_1_162' title='bbox 1805 2087 2068 2149; x_wconf 91' lang='lat' dir='ltr'><strong>Scintilla</strong></span> <span class='ocrx_word' id='word_1_163' title='bbox 2101 2088 2382 2167; x_wconf 81' lang='lat' dir='ltr'><strong>frequen-</strong></span> 
     </span>
     <span class='ocr_line' id='line_1_22' title="bbox 223 2170 2383 2252; baseline -0 -19"><span class='ocrx_word' id='word_1_164' title='bbox 223 2172 344 2233; x_wconf 89' lang='lat' dir='ltr'><strong>tius</strong></span> <span class='ocrx_word' id='word_1_165' title='bbox 374 2170 691 2252; x_wconf 85' lang='lat' dir='ltr'><strong>plaudebat</strong></span> <span class='ocrx_word' id='word_1_166' title='bbox 734 2189 910 2250; x_wconf 88' lang='lat' dir='ltr'><strong>quam</strong></span> <span class='ocrx_word' id='word_1_167' title='bbox 954 2171 1340 2252; x_wconf 85' lang='lat' dir='ltr'><strong>loquebatur,</strong></span> <span class='ocrx_word' id='word_1_168' title='bbox 1386 2190 1523 2233; x_wconf 90' lang='lat' dir='ltr'><strong>cum</strong></span> <span class='ocrx_word' id='word_1_169' title='bbox 1553 2172 1909 2234; x_wconf 89' lang='lat' dir='ltr'><strong>Trimalchio</strong></span> <span class='ocrx_word' id='word_1_170' title='bbox 1942 2171 2257 2252; x_wconf 86' lang='lat' dir='ltr'><strong>‘permitto’</strong></span> <span class='ocrx_word' id='word_1_171' title='bbox 2288 2170 2383 2231; x_wconf 91' lang='lat' dir='ltr'><strong>in-</strong></span> 
     </span>
     <span class='ocr_line' id='line_1_23' title="bbox 225 2255 2382 2338; baseline -0.002 -19"><span class='ocrx_word' id='word_1_172' title='bbox 225 2258 356 2337; x_wconf 84' lang='lat' dir='ltr'><strong>quit</strong></span> <span class='ocrx_word' id='word_1_173' title='bbox 385 2257 749 2338; x_wconf 74' lang='lat' dir='ltr'><strong>‘Philargyre</strong></span> <span class='ocrx_word' id='word_1_174' title='bbox 777 2266 835 2319; x_wconf 87' lang='lat' dir='ltr'><strong>et</strong></span> <span class='ocrx_word' id='word_1_175' title='bbox 865 2256 1057 2333; x_wconf 91' lang='lat' dir='ltr'><strong>Cario,</strong></span> <span class='ocrx_word' id='word_1_176' title='bbox 1089 2257 1196 2320; x_wconf 90' lang='lat' dir='ltr'><strong>etsi</strong></span> <span class='ocrx_word' id='word_1_177' title='bbox 1228 2257 1602 2338; x_wconf 87' lang='lat' dir='ltr'><strong>prasinianus</strong></span> <span class='ocrx_word' id='word_1_178' title='bbox 1633 2276 1697 2320; x_wconf 91' lang='lat' dir='ltr'><strong>es</strong></span> <span class='ocrx_word' id='word_1_179' title='bbox 1726 2257 2016 2332; x_wconf 77' lang='lat' dir='ltr'><strong>famosuS,</strong></span> <span class='ocrx_word' id='word_1_180' title='bbox 2049 2257 2141 2318; x_wconf 89' lang='lat' dir='ltr'><strong>dic</strong></span> <span class='ocrx_word' id='word_1_181' title='bbox 2173 2265 2230 2317; x_wconf 86' lang='lat' dir='ltr'><strong>et</strong></span> <span class='ocrx_word' id='word_1_182' title='bbox 2259 2255 2382 2316; x_wconf 85' lang='lat' dir='ltr'><strong>Me-</strong></span> 
     </span>
     <span class='ocr_line' id='line_1_24' title="bbox 225 2340 2383 2423; baseline -0.002 -18"><span class='ocrx_word' id='word_1_183' title='bbox 225 2344 538 2423; x_wconf 90' lang='lat' dir='ltr'><strong>nophilae,</strong></span> <span class='ocrx_word' id='word_1_184' title='bbox 569 2342 983 2404; x_wconf 89' lang='lat' dir='ltr'><strong>contubernali</strong></span> <span class='ocrx_word' id='word_1_185' title='bbox 1014 2351 1181 2417; x_wconf 86' lang='lat' dir='ltr'><strong>tuae,</strong></span> <span class='ocrx_word' id='word_1_186' title='bbox 1228 2342 1597 2408; x_wconf 88' lang='lat' dir='ltr'><strong>discumbat’.</strong></span> <span class='ocrx_word' id='word_1_187' title='bbox 1658 2344 1798 2422; x_wconf 91' lang='lat' dir='ltr'><strong>quid</strong></span> <span class='ocrx_word' id='word_1_188' title='bbox 1832 2340 2059 2404; x_wconf 81' lang='lat' dir='ltr'><strong>multa?</strong></span> <span class='ocrx_word' id='word_1_189' title='bbox 2090 2359 2280 2421; x_wconf 89' lang='lat' dir='ltr'><strong>paene</strong></span> <span class='ocrx_word' id='word_1_190' title='bbox 2310 2341 2383 2401; x_wconf 87' lang='lat' dir='ltr'><strong>de</strong></span> 
     </span>
     <span class='ocr_line' id='line_1_25' title="bbox 223 2427 2385 2506; baseline -0.002 -15"><span class='ocrx_word' id='word_1_191' title='bbox 223 2429 394 2491; x_wconf 84' lang='lat' dir='ltr'><strong>lectis</strong></span> <span class='ocrx_word' id='word_1_192' title='bbox 425 2427 636 2490; x_wconf 90' lang='lat' dir='ltr'><strong>deiecti</strong></span> <span class='ocrx_word' id='word_1_193' title='bbox 679 2446 912 2503; x_wconf 90' lang='lat' dir='ltr'><strong>sumus,</strong></span> <span class='ocrx_word' id='word_1_194' title='bbox 959 2428 1102 2490; x_wconf 91' lang='lat' dir='ltr'><strong>adeo</strong></span> <span class='ocrx_word' id='word_1_195' title='bbox 1149 2438 1333 2490; x_wconf 88' lang='lat' dir='ltr'><strong>totum</strong></span> <span class='ocrx_word' id='word_1_196' title='bbox 1379 2428 1702 2492; x_wconf 88' lang='lat' dir='ltr'><strong>triclinium</strong></span> <span class='ocrx_word' id='word_1_197' title='bbox 1730 2428 1948 2489; x_wconf 80' lang='lat' dir='ltr'><strong>familia</strong></span> <span class='ocrx_word' id='word_1_198' title='bbox 1978 2435 2385 2506; x_wconf 86' lang='lat' dir='ltr'><strong>occupaverat.</strong></span> 
     </span>
    </p>

    <p class='ocr_par' dir='ltr' id='par_1_7' title="bbox 126 2513 2387 2936">
     <span class='ocr_line' id='line_1_26' title="bbox 126 2513 2383 2594; baseline -0 -21"><span class='ocrx_word' id='word_1_199' title='bbox 126 2524 179 2573; x_wconf 79' lang='lat'><strong>25</strong></span> <span class='ocrx_word' id='word_1_200' title='bbox 222 2523 388 2576; x_wconf 88' lang='lat' dir='ltr'><strong>certe</strong></span> <span class='ocrx_word' id='word_1_201' title='bbox 421 2532 530 2594; x_wconf 91' lang='lat' dir='ltr'><strong>ego</strong></span> <span class='ocrx_word' id='word_1_202' title='bbox 563 2514 759 2574; x_wconf 89' lang='lat' dir='ltr'><strong>notavi</strong></span> <span class='ocrx_word' id='word_1_203' title='bbox 784 2532 966 2593; x_wconf 89' lang='lat' dir='ltr'><strong>super</strong></span> <span class='ocrx_word' id='word_1_204' title='bbox 993 2533 1088 2575; x_wconf 91' lang='lat' dir='ltr'><strong>me</strong></span> <span class='ocrx_word' id='word_1_205' title='bbox 1120 2513 1374 2593; x_wconf 88' lang='lat' dir='ltr'><strong>positum</strong></span> <span class='ocrx_word' id='word_1_206' title='bbox 1399 2532 1629 2588; x_wconf 89' lang='lat' dir='ltr'><strong>cocum,</strong></span> <span class='ocrx_word' id='word_1_207' title='bbox 1662 2513 1763 2594; x_wconf 92' lang='lat' dir='ltr'><strong>qui</strong></span> <span class='ocrx_word' id='word_1_208' title='bbox 1796 2516 1868 2575; x_wconf 87' lang='lat' dir='ltr'><strong>de</strong></span> <span class='ocrx_word' id='word_1_209' title='bbox 1898 2532 2082 2594; x_wconf 87' lang='lat' dir='ltr'><strong>porco</strong></span> <span class='ocrx_word' id='word_1_210' title='bbox 2111 2530 2383 2574; x_wconf 91' lang='lat' dir='ltr'><strong>anserem</strong></span> 
     </span>
     <span class='ocr_line' id='line_1_27' title="bbox 226 2597 2386 2678; baseline -0.002 -18"><span class='ocrx_word' id='word_1_211' title='bbox 226 2600 480 2673; x_wconf 81' lang='lat' dir='ltr'><strong>fecerat,</strong></span> <span class='ocrx_word' id='word_1_212' title='bbox 511 2598 702 2660; x_wconf 90' lang='lat' dir='ltr'><strong>muria</strong></span> <span class='ocrx_word' id='word_1_213' title='bbox 733 2598 1247 2678; x_wconf 88' lang='lat' dir='ltr'><strong>condimentisque</strong></span> <span class='ocrx_word' id='word_1_214' title='bbox 1278 2600 1580 2660; x_wconf 85' lang='lat' dir='ltr'><strong>fetentem.</strong></span> <span class='ocrx_word' id='word_1_215' title='bbox 1643 2618 1755 2660; x_wconf 91' lang='lat' dir='ltr'><strong>nec</strong></span> <span class='ocrx_word' id='word_1_216' title='bbox 1786 2608 2106 2661; x_wconf 85' lang='lat' dir='ltr'><strong>contentus</strong></span> <span class='ocrx_word' id='word_1_217' title='bbox 2133 2597 2246 2659; x_wconf 82' lang='lat' dir='ltr'><strong>fuit</strong></span> <span class='ocrx_word' id='word_1_218' title='bbox 2288 2615 2386 2657; x_wconf 91' lang='lat' dir='ltr'><strong>re-</strong></span> 
     </span>
     <span class='ocr_line' id='line_1_28' title="bbox 223 2681 2386 2766; baseline -0.002 -19"><span class='ocrx_word' id='word_1_219' title='bbox 223 2685 528 2759; x_wconf 87' lang='lat' dir='ltr'><strong>cumbere,</strong></span> <span class='ocrx_word' id='word_1_220' title='bbox 558 2683 662 2745; x_wconf 92' lang='lat' dir='ltr'><strong>sed</strong></span> <span class='ocrx_word' id='word_1_221' title='bbox 693 2684 979 2745; x_wconf 89' lang='lat' dir='ltr'><strong>continuo</strong></span> <span class='ocrx_word' id='word_1_222' title='bbox 1011 2683 1314 2764; x_wconf 90' lang='lat' dir='ltr'><strong>Ephesum</strong></span> <span class='ocrx_word' id='word_1_223' title='bbox 1344 2684 1690 2764; x_wconf 86' lang='lat' dir='ltr'><strong>tragoedum</strong></span> <span class='ocrx_word' id='word_1_224' title='bbox 1716 2686 1911 2766; x_wconf 87' lang='lat' dir='ltr'><strong>coepit</strong></span> <span class='ocrx_word' id='word_1_225' title='bbox 1930 2683 2145 2746; x_wconf 88' lang='lat' dir='ltr'><strong>imitari</strong></span> <span class='ocrx_word' id='word_1_226' title='bbox 2166 2691 2224 2745; x_wconf 90' lang='lat' dir='ltr'><strong>et</strong></span> <span class='ocrx_word' id='word_1_227' title='bbox 2244 2681 2386 2744; x_wconf 92' lang='lat' dir='ltr'><strong>sub-</strong></span> 
     </span>
     <span class='ocr_line' id='line_1_29' title="bbox 219 2768 2387 2851; baseline -0.001 -20"><span class='ocrx_word' id='word_1_228' title='bbox 219 2770 367 2831; x_wconf 90' lang='lat' dir='ltr'><strong>inde</strong></span> <span class='ocrx_word' id='word_1_229' title='bbox 396 2769 704 2831; x_wconf 90' lang='lat' dir='ltr'><strong>dominum</strong></span> <span class='ocrx_word' id='word_1_230' title='bbox 746 2788 919 2831; x_wconf 89' lang='lat' dir='ltr'><strong>suum</strong></span> <span class='ocrx_word' id='word_1_231' title='bbox 965 2770 1288 2849; x_wconf 89' lang='lat' dir='ltr'><strong>sponsione</strong></span> <span class='ocrx_word' id='word_1_232' title='bbox 1330 2788 1654 2850; x_wconf 88' lang='lat' dir='ltr'><strong>provocare</strong></span> <span class='ocrx_word' id='word_1_233' title='bbox 1700 2770 1766 2832; x_wconf 89' lang='lat' dir='ltr'><strong>‘si</strong></span> <span class='ocrx_word' id='word_1_234' title='bbox 1796 2772 2073 2851; x_wconf 89' lang='lat' dir='ltr'><strong>prasinus</strong></span> <span class='ocrx_word' id='word_1_235' title='bbox 2100 2768 2387 2851; x_wconf 85' lang='lat' dir='ltr'><strong>proximis</strong></span> 
     </span>
     <span class='ocr_line' id='line_1_30' title="bbox 226 2854 1200 2936; baseline -0.001 -19"><span class='ocrx_word' id='word_1_236' title='bbox 226 2854 598 2917; x_wconf 90' lang='lat' dir='ltr'><strong>circensibus</strong></span> <span class='ocrx_word' id='word_1_237' title='bbox 628 2856 879 2933; x_wconf 91' lang='lat' dir='ltr'><strong>primam</strong></span> <span class='ocrx_word' id='word_1_238' title='bbox 910 2855 1200 2936; x_wconf 88' lang='lat' dir='ltr'><strong>palmam’.</strong></span> 
     </span>
    </p>

    <p class='ocr_par' dir='ltr' id='par_1_8' title="bbox 125 2932 2509 3362">
     <span class='ocr_line' id='line_1_31' title="bbox 125 2932 2484 3020; baseline -0.001 -19"><span class='ocrx_word' id='word_1_239' title='bbox 125 2949 181 3001; x_wconf 74' lang='grc'><strong>80</strong></span> <span class='ocrx_word' id='word_1_240' title='bbox 399 2941 646 3002; x_wconf 83' lang='lat' dir='ltr'><strong>diffusus</strong></span> <span class='ocrx_word' id='word_1_241' title='bbox 677 2941 786 3001; x_wconf 90' lang='lat' dir='ltr'><strong>hac</strong></span> <span class='ocrx_word' id='word_1_242' title='bbox 830 2940 1215 3002; x_wconf 87' lang='lat' dir='ltr'><strong>contentione</strong></span> <span class='ocrx_word' id='word_1_243' title='bbox 1246 2940 1602 3002; x_wconf 89' lang='lat' dir='ltr'><strong>Trimalchio</strong></span> <span class='ocrx_word' id='word_1_244' title='bbox 1636 2940 1845 3002; x_wconf 88' lang='lat' dir='ltr'><strong>‘amici’</strong></span> <span class='ocrx_word' id='word_1_245' title='bbox 1890 2941 2084 3020; x_wconf 91' lang='lat' dir='ltr'><strong>inquit</strong></span> <span class='ocrx_word' id='word_1_246' title='bbox 2114 2945 2191 3002; x_wconf 89' lang='lat' dir='ltr'><strong>‘et</strong></span> <span class='ocrx_word' id='word_1_247' title='bbox 2234 2938 2384 3001; x_wconf 89' lang='lat' dir='ltr'><strong>servi</strong></span> <span class='ocrx_word' id='word_1_248' title='bbox 2409 2932 2484 2992; x_wconf 89' lang='lat'><strong>71</strong></span> 
     </span>
     <span class='ocr_line' id='line_1_32' title="bbox 227 3025 2509 3105; baseline -0.002 -18"><span class='ocrx_word' id='word_1_249' title='bbox 227 3026 505 3087; x_wconf 90' lang='lat' dir='ltr'><strong>homines</strong></span> <span class='ocrx_word' id='word_1_250' title='bbox 533 3032 675 3086; x_wconf 91' lang='lat' dir='ltr'><strong>sunt</strong></span> <span class='ocrx_word' id='word_1_251' title='bbox 703 3034 762 3087; x_wconf 89' lang='lat' dir='ltr'><strong>et</strong></span> <span class='ocrx_word' id='word_1_252' title='bbox 790 3044 977 3105; x_wconf 90' lang='lat' dir='ltr'><strong>aeque</strong></span> <span class='ocrx_word' id='word_1_253' title='bbox 1007 3045 1192 3086; x_wconf 89' lang='lat' dir='ltr'><strong>unum</strong></span> <span class='ocrx_word' id='word_1_254' title='bbox 1224 3025 1432 3087; x_wconf 91' lang='lat' dir='ltr'><strong>lactem</strong></span> <span class='ocrx_word' id='word_1_255' title='bbox 1466 3026 1775 3102; x_wconf 90' lang='lat' dir='ltr'><strong>biberunt,</strong></span> <span class='ocrx_word' id='word_1_256' title='bbox 1823 3026 1993 3087; x_wconf 86' lang='lat' dir='ltr'><strong>etiam</strong></span> <span class='ocrx_word' id='word_1_257' title='bbox 2025 3027 2073 3088; x_wconf 88' lang='lat' dir='ltr'><strong>si</strong></span> <span class='ocrx_word' id='word_1_258' title='bbox 2104 3025 2235 3087; x_wconf 92' lang='lat' dir='ltr'><strong>illos</strong></span> <span class='ocrx_word' id='word_1_259' title='bbox 2264 3042 2389 3084; x_wconf 89' lang='lat' dir='ltr'><strong>ma-</strong></span> <span class='ocrx_word' id='word_1_260' title='bbox 2507 3055 2509 3057; x_wconf 27' lang='lat' dir='ltr'><strong>v</strong></span> 
     </span>
     <span class='ocr_line' id='line_1_33' title="bbox 227 3111 2388 3192; baseline -0.001 -19"><span class='ocrx_word' id='word_1_261' title='bbox 227 3112 321 3173; x_wconf 90' lang='lat' dir='ltr'><strong>lus</strong></span> <span class='ocrx_word' id='word_1_262' title='bbox 351 3113 507 3172; x_wconf 86' lang='lat' dir='ltr'><strong>fatus</strong></span> <span class='ocrx_word' id='word_1_263' title='bbox 538 3111 850 3191; x_wconf 87' lang='lat' dir='ltr'><strong>oppressit.</strong></span> <span class='ocrx_word' id='word_1_264' title='bbox 909 3119 1104 3172; x_wconf 90' lang='lat' dir='ltr'><strong>tamen</strong></span> <span class='ocrx_word' id='word_1_265' title='bbox 1137 3130 1233 3171; x_wconf 89' lang='lat' dir='ltr'><strong>me</strong></span> <span class='ocrx_word' id='word_1_266' title='bbox 1277 3112 1434 3173; x_wconf 87' lang='lat' dir='ltr'><strong>salvo</strong></span> <span class='ocrx_word' id='word_1_267' title='bbox 1482 3112 1601 3173; x_wconf 88' lang='lat' dir='ltr'><strong>cito</strong></span> <span class='ocrx_word' id='word_1_268' title='bbox 1645 3129 1855 3192; x_wconf 89' lang='lat' dir='ltr'><strong>aquam</strong></span> <span class='ocrx_word' id='word_1_269' title='bbox 1900 3111 2145 3172; x_wconf 87' lang='lat' dir='ltr'><strong>liberam</strong></span> <span class='ocrx_word' id='word_1_270' title='bbox 2191 3121 2388 3189; x_wconf 88' lang='lat' dir='ltr'><strong>gusta·</strong></span> 
     </span>
     <span class='ocr_line' id='line_1_34' title="bbox 228 3195 2387 3270; baseline -0.002 -13"><span class='ocrx_word' id='word_1_271' title='bbox 228 3197 402 3258; x_wconf 88' lang='lat' dir='ltr'><strong>bunt.</strong></span> <span class='ocrx_word' id='word_1_272' title='bbox 464 3196 536 3256; x_wconf 91' lang='lat' dir='ltr'><strong>ad</strong></span> <span class='ocrx_word' id='word_1_273' title='bbox 566 3214 890 3270; x_wconf 89' lang='lat' dir='ltr'><strong>summam,</strong></span> <span class='ocrx_word' id='word_1_274' title='bbox 937 3214 1143 3258; x_wconf 90' lang='lat' dir='ltr'><strong>omnes</strong></span> <span class='ocrx_word' id='word_1_275' title='bbox 1185 3197 1318 3259; x_wconf 88' lang='lat' dir='ltr'><strong>illos</strong></span> <span class='ocrx_word' id='word_1_276' title='bbox 1361 3199 1422 3258; x_wconf 89' lang='lat' dir='ltr'><strong>in</strong></span> <span class='ocrx_word' id='word_1_277' title='bbox 1470 3204 1821 3259; x_wconf 89' lang='lat' dir='ltr'><strong>testamento</strong></span> <span class='ocrx_word' id='word_1_278' title='bbox 1852 3216 1986 3258; x_wconf 91' lang='lat' dir='ltr'><strong>meo</strong></span> <span class='ocrx_word' id='word_1_279' title='bbox 2016 3195 2387 3257; x_wconf 81' lang='lat' dir='ltr'><strong>manumitte.</strong></span> 
     </span>
     <span class='ocr_line' id='line_1_35' title="bbox 230 3278 2390 3362; baseline -0.003 -18"><span class='ocrx_word' id='word_1_280' title='bbox 230 3283 579 3362; x_wconf 84' lang='lat' dir='ltr'><strong>Philargyro</strong></span> <span class='ocrx_word' id='word_1_281' title='bbox 611 3281 783 3342; x_wconf 89' lang='lat' dir='ltr'><strong>etiam</strong></span> <span class='ocrx_word' id='word_1_282' title='bbox 812 3282 1064 3343; x_wconf 85' lang='lat' dir='ltr'><strong>fundum</strong></span> <span class='ocrx_word' id='word_1_283' title='bbox 1093 3282 1227 3361; x_wconf 87' lang='lat' dir='ltr'><strong>lego</strong></span> <span class='ocrx_word' id='word_1_284' title='bbox 1274 3292 1332 3343; x_wconf 90' lang='lat' dir='ltr'><strong>et</strong></span> <span class='ocrx_word' id='word_1_285' title='bbox 1375 3279 1866 3344; x_wconf 85' lang='lat' dir='ltr'><strong>contubernalem</strong></span> <span class='ocrx_word' id='word_1_286' title='bbox 1910 3300 2108 3355; x_wconf 90' lang='lat' dir='ltr'><strong>suam,</strong></span> <span class='ocrx_word' id='word_1_287' title='bbox 2154 3278 2390 3341; x_wconf 89' lang='lat' dir='ltr'><strong>Carioni</strong></span> 
     </span>
    </p>

    <p class='ocr_par' dir='ltr' id='par_1_9' title="bbox 132 3366 2394 3789">
     <span class='ocr_line' id='line_1_36' title="bbox 132 3366 2389 3447; baseline 0 -23"><span class='ocrx_word' id='word_1_288' title='bbox 132 3376 188 3425; x_wconf 82' lang='lat'><strong>35</strong></span> <span class='ocrx_word' id='word_1_289' title='bbox 231 3384 476 3447; x_wconf 87' lang='lat' dir='ltr'><strong>quoque</strong></span> <span class='ocrx_word' id='word_1_290' title='bbox 506 3366 761 3428; x_wconf 89' lang='lat' dir='ltr'><strong>insulam</strong></span> <span class='ocrx_word' id='word_1_291' title='bbox 808 3375 865 3428; x_wconf 91' lang='lat' dir='ltr'><strong>et</strong></span> <span class='ocrx_word' id='word_1_292' title='bbox 894 3366 1230 3428; x_wconf 89' lang='lat' dir='ltr'><strong>vicesimam</strong></span> <span class='ocrx_word' id='word_1_293' title='bbox 1259 3378 1316 3432; x_wconf 84' lang='lat' dir='ltr'><strong>et</strong></span> <span class='ocrx_word' id='word_1_294' title='bbox 1346 3368 1565 3429; x_wconf 84' lang='lat' dir='ltr'><strong>lectum</strong></span> <span class='ocrx_word' id='word_1_295' title='bbox 1597 3376 1866 3429; x_wconf 89' lang='lat' dir='ltr'><strong>stratum.</strong></span> <span class='ocrx_word' id='word_1_296' title='bbox 1927 3384 2064 3427; x_wconf 90' lang='lat' dir='ltr'><strong>nam</strong></span> <span class='ocrx_word' id='word_1_297' title='bbox 2095 3366 2389 3427; x_wconf 89' lang='lat' dir='ltr'><strong>Fortuna-</strong></span> 
     </span>
     <span class='ocr_line' id='line_1_37' title="bbox 229 3447 2393 3527; baseline -0.002 -13"><span class='ocrx_word' id='word_1_298' title='bbox 229 3461 349 3514; x_wconf 89' lang='lat' dir='ltr'><strong>tam</strong></span> <span class='ocrx_word' id='word_1_299' title='bbox 380 3469 572 3513; x_wconf 90' lang='lat' dir='ltr'><strong>meam</strong></span> <span class='ocrx_word' id='word_1_300' title='bbox 616 3451 894 3513; x_wconf 88' lang='lat' dir='ltr'><strong>heredem</strong></span> <span class='ocrx_word' id='word_1_301' title='bbox 940 3453 1120 3527; x_wconf 81' lang='lat' dir='ltr'><strong>facio,</strong></span> <span class='ocrx_word' id='word_1_302' title='bbox 1166 3462 1225 3513; x_wconf 89' lang='lat' dir='ltr'><strong>et</strong></span> <span class='ocrx_word' id='word_1_303' title='bbox 1268 3452 1620 3514; x_wconf 87' lang='lat' dir='ltr'><strong>commendo</strong></span> <span class='ocrx_word' id='word_1_304' title='bbox 1664 3452 1822 3513; x_wconf 87' lang='lat' dir='ltr'><strong>illam</strong></span> <span class='ocrx_word' id='word_1_305' title='bbox 1868 3449 2143 3513; x_wconf 89' lang='lat' dir='ltr'><strong>omnibus</strong></span> <span class='ocrx_word' id='word_1_306' title='bbox 2189 3447 2393 3511; x_wconf 87' lang='lat' dir='ltr'><strong>amicis</strong></span> 
     </span>
     <span class='ocr_line' id='line_1_38' title="bbox 231 3533 2392 3618; baseline -0.003 -18"><span class='ocrx_word' id='word_1_307' title='bbox 231 3539 399 3600; x_wconf 77' lang='lat' dir='ltr'><strong>meiS.</strong></span> <span class='ocrx_word' id='word_1_308' title='bbox 461 3546 520 3598; x_wconf 92' lang='lat' dir='ltr'><strong>et</strong></span> <span class='ocrx_word' id='word_1_309' title='bbox 548 3536 693 3598; x_wconf 91' lang='lat' dir='ltr'><strong>haec</strong></span> <span class='ocrx_word' id='word_1_310' title='bbox 723 3538 856 3598; x_wconf 90' lang='lat' dir='ltr'><strong>ideo</strong></span> <span class='ocrx_word' id='word_1_311' title='bbox 890 3538 1086 3598; x_wconf 91' lang='lat' dir='ltr'><strong>omnia</strong></span> <span class='ocrx_word' id='word_1_312' title='bbox 1132 3538 1402 3618; x_wconf 82' lang='lat' dir='ltr'><strong>publice,</strong></span> <span class='ocrx_word' id='word_1_313' title='bbox 1448 3548 1516 3599; x_wconf 91' lang='lat' dir='ltr'><strong>ut</strong></span> <span class='ocrx_word' id='word_1_314' title='bbox 1557 3538 1774 3599; x_wconf 83' lang='lat' dir='ltr'><strong>familia</strong></span> <span class='ocrx_word' id='word_1_315' title='bbox 1803 3554 1935 3598; x_wconf 91' lang='lat' dir='ltr'><strong>mea</strong></span> <span class='ocrx_word' id='word_1_316' title='bbox 1965 3537 2077 3598; x_wconf 91' lang='lat' dir='ltr'><strong>iam</strong></span> <span class='ocrx_word' id='word_1_317' title='bbox 2111 3554 2276 3598; x_wconf 91' lang='lat' dir='ltr'><strong>nunc</strong></span> <span class='ocrx_word' id='word_1_318' title='bbox 2306 3533 2392 3595; x_wconf 88' lang='lat' dir='ltr'><strong>sic</strong></span> 
     </span>
     <span class='ocr_line' id='line_1_39' title="bbox 234 3620 2391 3703; baseline -0.002 -20"><span class='ocrx_word' id='word_1_319' title='bbox 234 3642 325 3685; x_wconf 91' lang='lat' dir='ltr'><strong>me</strong></span> <span class='ocrx_word' id='word_1_320' title='bbox 357 3632 518 3684; x_wconf 89' lang='lat' dir='ltr'><strong>amet</strong></span> <span class='ocrx_word' id='word_1_321' title='bbox 546 3630 826 3701; x_wconf 91' lang='lat' dir='ltr'><strong>tanquam</strong></span> <span class='ocrx_word' id='word_1_322' title='bbox 858 3624 1196 3684; x_wconf 86' lang='lat' dir='ltr'><strong>mortuum’.</strong></span> <span class='ocrx_word' id='word_1_323' title='bbox 1257 3623 1473 3702; x_wconf 89' lang='lat' dir='ltr'><strong>gratias</strong></span> <span class='ocrx_word' id='word_1_324' title='bbox 1516 3641 1691 3703; x_wconf 90' lang='lat' dir='ltr'><strong>agere</strong></span> <span class='ocrx_word' id='word_1_325' title='bbox 1737 3640 1945 3683; x_wconf 89' lang='lat' dir='ltr'><strong>omnes</strong></span> <span class='ocrx_word' id='word_1_326' title='bbox 1989 3620 2391 3702; x_wconf 89' lang='lat' dir='ltr'><strong>indulgentiae</strong></span> 
     </span>
     <span class='ocr_line' id='line_1_40' title="bbox 233 3705 2394 3789; baseline -0.002 -19"><span class='ocrx_word' id='word_1_327' title='bbox 233 3717 558 3787; x_wconf 90' lang='lat' dir='ltr'><strong>coeperant</strong></span> <span class='ocrx_word' id='word_1_328' title='bbox 586 3707 829 3781; x_wconf 92' lang='lat' dir='ltr'><strong>domini,</strong></span> <span class='ocrx_word' id='word_1_329' title='bbox 862 3727 998 3769; x_wconf 91' lang='lat' dir='ltr'><strong>cum</strong></span> <span class='ocrx_word' id='word_1_330' title='bbox 1027 3708 1123 3770; x_wconf 93' lang='lat' dir='ltr'><strong>ille</strong></span> <span class='ocrx_word' id='word_1_331' title='bbox 1155 3707 1374 3771; x_wconf 91' lang='lat' dir='ltr'><strong>oblitus</strong></span> <span class='ocrx_word' id='word_1_332' title='bbox 1399 3726 1691 3787; x_wconf 88' lang='lat' dir='ltr'><strong>nugarum</strong></span> <span class='ocrx_word' id='word_1_333' title='bbox 1721 3708 2020 3789; x_wconf 86' lang='lat' dir='ltr'><strong>exemplar</strong></span> <span class='ocrx_word' id='word_1_334' title='bbox 2056 3705 2394 3771; x_wconf 89' lang='lat' dir='ltr'><strong>testamenti</strong></span> 
     </span>
    </p>

    <p class='ocr_par' dir='ltr' id='par_1_10' title="bbox 133 3790 2392 3959">
     <span class='ocr_line' id='line_1_41' title="bbox 133 3790 2392 3874; baseline -0 -24"><span class='ocrx_word' id='word_1_335' title='bbox 133 3801 188 3851; x_wconf 77' lang='grc' dir='ltr'><strong>4ο</strong></span> <span class='ocrx_word' id='word_1_336' title='bbox 228 3794 402 3856; x_wconf 90' lang='lat' dir='ltr'><strong>iussit</strong></span> <span class='ocrx_word' id='word_1_337' title='bbox 430 3793 629 3855; x_wconf 82' lang='lat' dir='ltr'><strong>afferri</strong></span> <span class='ocrx_word' id='word_1_338' title='bbox 661 3803 720 3854; x_wconf 90' lang='lat' dir='ltr'><strong>et</strong></span> <span class='ocrx_word' id='word_1_339' title='bbox 749 3802 936 3855; x_wconf 90' lang='lat' dir='ltr'><strong>totum</strong></span> <span class='ocrx_word' id='word_1_340' title='bbox 982 3812 1013 3854; x_wconf 93' lang='lat' dir='ltr'><strong>a</strong></span> <span class='ocrx_word' id='word_1_341' title='bbox 1045 3794 1238 3874; x_wconf 90' lang='lat' dir='ltr'><strong>primo</strong></span> <span class='ocrx_word' id='word_1_342' title='bbox 1282 3795 1353 3855; x_wconf 89' lang='lat' dir='ltr'><strong>ad</strong></span> <span class='ocrx_word' id='word_1_343' title='bbox 1397 3793 1667 3855; x_wconf 90' lang='lat' dir='ltr'><strong>ultimum</strong></span> <span class='ocrx_word' id='word_1_344' title='bbox 1712 3793 2150 3872; x_wconf 88' lang='lat' dir='ltr'><strong>ingemescente</strong></span> <span class='ocrx_word' id='word_1_345' title='bbox 2180 3790 2392 3853; x_wconf 80' lang='lat' dir='ltr'><strong>familia</strong></span> 
     </span>
     <span class='ocr_line' id='line_1_42' title="bbox 235 3877 2392 3959; baseline -0.003 -18"><span class='ocrx_word' id='word_1_346' title='bbox 235 3879 520 3943; x_wconf 88' lang='lat' dir='ltr'><strong>recitavit.</strong></span> <span class='ocrx_word' id='word_1_347' title='bbox 580 3878 907 3958; x_wconf 90' lang='lat' dir='ltr'><strong>respiciens</strong></span> <span class='ocrx_word' id='word_1_348' title='bbox 935 3879 1150 3941; x_wconf 89' lang='lat' dir='ltr'><strong>deinde</strong></span> <span class='ocrx_word' id='word_1_349' title='bbox 1181 3879 1514 3942; x_wconf 90' lang='lat' dir='ltr'><strong>Habinnam</strong></span> <span class='ocrx_word' id='word_1_350' title='bbox 1562 3879 1723 3959; x_wconf 90' lang='lat' dir='ltr'><strong>‘quid</strong></span> <span class='ocrx_word' id='word_1_351' title='bbox 1768 3878 1930 3942; x_wconf 91' lang='lat' dir='ltr'><strong>dicis’</strong></span> <span class='ocrx_word' id='word_1_352' title='bbox 1962 3879 2156 3959; x_wconf 90' lang='lat' dir='ltr'><strong>inquit</strong></span> <span class='ocrx_word' id='word_1_353' title='bbox 2186 3877 2392 3939; x_wconf 88' lang='lat' dir='ltr'><strong>‘amice</strong></span> 
     </span>
    </p>
   </div>
   <div class='ocr_carea' id='block_1_3' title="bbox 233 4000 650 4012">
    <p class='ocr_par' dir='ltr' id='par_1_11' title="bbox 233 4000 650 4012">
     <span class='ocr_line' id='line_1_43' title="bbox 233 4000 650 4012; baseline 0 568"><span class='ocrx_word' id='word_1_354' title='bbox 233 4000 650 4012; x_wconf 95' lang='lat' dir='ltr'><strong> </strong></span> 
     </span>
    </p>
   </div>
   <div class='ocr_carea' id='block_1_4' title="bbox 407 4062 2392 4134">
    <p class='ocr_par' dir='ltr' id='par_1_12' title="bbox 407 4062 2392 4134">
     <span class='ocr_line' id='line_1_44' title="bbox 407 4062 2392 4134; baseline -0.004 -16"><span class='ocrx_word' id='word_1_355' title='bbox 407 4067 438 4118; x_wconf 88' lang='lat'><strong>2</strong></span> <span class='ocrx_word' id='word_1_356' title='bbox 451 4063 625 4117; x_wconf 88' lang='lat' dir='ltr'><strong>attulit</strong></span> <span class='ocrx_word' id='word_1_357' title='bbox 641 4064 659 4133; x_wconf 81' lang='lat' dir='ltr'>ss</span> <span class='ocrx_word' id='word_1_358' title='bbox 679 4068 712 4118; x_wconf 84' lang='lat'>4</span> <span class='ocrx_word' id='word_1_359' title='bbox 720 4066 900 4130; x_wconf 75' lang='lat' dir='ltr'><strong>potius</strong></span> <span class='ocrx_word' id='word_1_360' title='bbox 924 4067 977 4116; x_wconf 90' lang='lat' dir='ltr'><strong>et</strong></span> <span class='ocrx_word' id='word_1_361' title='bbox 1000 4063 1149 4116; x_wconf 87' lang='lat' dir='ltr'><strong>nobis</strong></span> <span class='ocrx_word' id='word_1_362' title='bbox 1168 4063 1235 4129; x_wconf 69' lang='lat'><strong>117</strong></span> <span class='ocrx_word' id='word_1_363' title='bbox 1257 4063 1309 4115; x_wconf 93' lang='lat' dir='ltr'><strong>in</strong></span> <span class='ocrx_word' id='word_1_364' title='bbox 1333 4062 1451 4117; x_wconf 91' lang='lat' dir='ltr'><strong>loco</strong></span> <span class='ocrx_word' id='word_1_365' title='bbox 1470 4064 1491 4132; x_wconf 76' lang='grc'>1</span> <span class='ocrx_word' id='word_1_366' title='bbox 1513 4064 1836 4133; x_wconf 86' lang='lat' dir='ltr'><strong>18liquatum</strong></span> <span class='ocrx_word' id='word_1_367' title='bbox 1856 4069 1936 4118; x_wconf 91' lang='lat' dir='ltr'><strong>est</strong></span> <span class='ocrx_word' id='word_1_368' title='bbox 1954 4065 1973 4134; x_wconf 78' lang='grc' dir='ltr'><strong>Ι]</strong></span> <span class='ocrx_word' id='word_1_369' title='bbox 1992 4065 2056 4116; x_wconf 85' lang='grc'><strong>32</strong></span> <span class='ocrx_word' id='word_1_370' title='bbox 2077 4062 2392 4129; x_wconf 87' lang='lat' dir='ltr'><strong>oppresserit</strong></span> 
     </span>
    </p>
   </div>
  </div>
 </body>
</html>
