2881 4580
1121 287 1505 342 SATIRARVM
2271 295 2299 352 1
2311 293 2348 355 2
2362 296 2388 353 1.

240 464 383 522 ciens
410 458 727 540 Eumolpus
756 459 1101 539 obiuryatur
1120 461 1190 522 ab
1214 460 1506 541 Encolpio,
1539 464 1869 544 defenditur
1897 486 1934 528 a
1964 464 2185 537 Gitone,
2217 473 2383 529 cuius

230 556 393 626 poeta
439 564 700 607 amorem
742 546 1037 624 consessus
1078 546 1246 624 foras
1289 547 1619 627 expellitur,
1666 555 1866 613 exiens
1909 563 2104 613 autem
2149 551 2390 614 includit

237 630 575 711 Encolpion,
606 634 709 711 qui
735 650 772 692 a
793 633 997 692 mortis
1026 635 1367 710 coyitatione
1395 652 1463 696 ac
1491 636 1793 715 suspendio
1826 646 2135 699 revocatur
2162 635 2386 699 Gitonis

237 716 552 778 blanditiis.
630 716 711 777 95
757 716 839 779 96
884 720 1292 779 interveniente
1335 718 1680 782 deversitore
1720 726 1864 783 rima
1907 725 2119 793 oritur,
2166 726 2229 783 in
2275 743 2385 802 qua

226 813 398 882 poeta
442 820 574 862 cum
621 801 686 863 de
715 800 854 863 cella
894 820 953 863 se
980 806 1379 882 proripuisset,
1426 808 1776 885 inspectante
1806 807 2078 886 Encolpio
2122 809 2382 886 vapulat,

236 886 412 948 donec
452 896 803 967 procurator
846 885 1069 948 insulae
1110 906 1269 967 opem
1313 892 1368 949 ei
1408 890 1618 969 adfert.
1697 893 1951 955 97—99
1983 891 2236 971 Ascyltos
2279 894 2388 953 ad-

235 976 392 1035 venit
425 990 560 1032 cum
582 989 866 1051 praecone
895 990 1171 1051 quaerens
1200 972 1426 1046 Gitona,
1461 980 1564 1055 qui
1592 976 1759 1054 infra
1788 978 2097 1057 qrabatum
2126 986 2389 1039 eaetentus

235 1067 560 1120 scrutantes
605 1056 799 1128 eludit,
845 1056 1193 1138 Eumolpum
1237 1068 1428 1120 autem
1465 1066 1644 1140 pueri
1678 1065 2068 1142 proditionem
2100 1066 2390 1125 minatum

242 1142 416 1204 Giton
444 1141 672 1217 osculis,
706 1142 960 1203 lacrimis
982 1142 1292 1224 Encolpius
1315 1143 1623 1218 deleniunt,
1653 1148 2023 1210 reconciliata
2049 1153 2242 1227 ,qratia
2267 1148 2390 1209 En-

238 1227 458 1309 colpius
489 1246 620 1289 cum
643 1246 826 1307 puero
857 1238 910 1289 et
932 1238 1104 1308 poeta
1136 1231 1456 1291 conscendit
1487 1234 1549 1291 in
1579 1250 1801 1294 navem.

419 1314 754 1375 100—103
813 1317 1164 1392 requiescens
1219 1320 1283 1376 in
1333 1334 1481 1376 nave
1522 1315 1833 1397 Encolpius
1890 1318 2153 1379 incidisse
2195 1335 2253 1378 se
2295 1322 2391 1378 in-

240 1398 448 1478 telleyit
481 1401 546 1459 in
575 1407 787 1459 veteres
815 1402 1096 1470 inimicos,
1141 1398 1370 1460 Licham
1413 1405 1641 1480 naviyii
1665 1402 1965 1464 dominum
2010 1412 2061 1462 et
2101 1399 2149 1461 T
2143 1401 2389 1482 ryphae-

240 1503 401 1554 nam,
447 1487 641 1564 itaquc
686 1482 1127 1545 deliberantibus
1171 1502 1280 1565 quo
1323 1485 1492 1546 modo
1529 1487 1857 1565 periculum
1900 1489 2198 1569 effuyiant,
2251 1487 2384 1549 haec

233 1569 418 1649 placet
462 1568 707 1646 fallacia
750 1578 815 1630 ut
846 1568 1159 1648 Eumolpus
1188 1569 1502 1649 Encolpion
1546 1582 1599 1632 et
1640 1571 1852 1634 Gitona
1896 1585 2167 1652 tanquam
2198 1590 2390 1634 servos

240 1655 523 1733 fuyitivos
567 1653 766 1715 habeat
808 1658 960 1714 rasis
995 1654 1271 1734 capitibus
1315 1665 1366 1716 et
1394 1656 1691 1734 frontibus
1720 1662 2029 1738 inscriptis.
2111 1660 2229 1721 104
2266 1661 2385 1719 105

243 1741 527 1800 admoniti
555 1742 775 1799 somnio
805 1750 857 1800 et
885 1758 1015 1800 voce
1046 1744 1300 1807 vectoris,
1332 1745 1435 1820 qui
1462 1742 1737 1822 depositos
1766 1747 1828 1804 in
1849 1763 1996 1806 nave
2025 1742 2257 1822 capillos
2285 1761 2391 1803 ew-

235 1834 501 1903 paverat‚
548 1821 745 1885 Lichas
774 1834 825 1884 et
863 1821 1197 1904 Tryphaena
1230 1826 1505 1905 protrahi
1528 1833 1740 1890 nomios
1774 1849 1843 1891 ac
1869 1829 2169 1890 verberari
2195 1828 2391 1889 iubent

241 1918 666 1989 aynoscuntque
715 1907 1055 1989 Tryphaena
1103 1908 1330 1984 Gitona,
1388 1910 1587 1974 Lichas
1631 1914 1962 1996 Encolpion.
2058 1915 2389 1978 106—108

239 1993 586 2075 supplicium
617 2012 745 2054 cum
766 1998 1029 2073 primum
1056 1997 1451 2058 misericordia
1484 1995 1866 2078 Tryphaenae,
1900 2000 2100 2061 deinde
2126 1998 2396 2078 Eumolpi

237 2083 638 2160 patrocinium
671 2080 1034 2159 interpellare
1061 2089 1396 2161 temptasset,
1428 2086 1494 2142 vi
1512 2102 1721 2144 manus
1752 2089 2077 2146 conseritur
2106 2103 2172 2145 ac
2188 2103 2389 2164 puqna

236 2177 507 2245 paratur,
540 2165 714 2225 donec
742 2164 1091 2242 yubernator
1119 2166 1329 2228 obtinet
1358 2176 1424 2228 ut
1447 2168 1708 2230 indutiae
1732 2169 1897 2249 fiant.
1962 2170 2083 2231 109
2112 2172 2232 2232 110
2262 2167 2391 2245 foe-

243 2251 378 2313 dera
410 2260 851 2332 componuntur,
896 2250 1078 2332 epulis
1115 2255 1358 2332 vinoque
1400 2252 1745 2315 conciliatur
1788 2257 1982 2333 qratia
2026 2262 2078 2315 et
2105 2252 2389 2326 hilaritas,

244 2336 566 2416 Eumolpus
595 2354 792 2397 versus
822 2337 956 2398 dicit
987 2340 1051 2399 in
1081 2337 1286 2408 calvos,
1331 2337 1536 2419 quibus
1570 2343 1896 2400 restituitur
1928 2340 2092 2400 decor
2122 2358 2262 2400 suus
2286 2359 2392 2418 per

243 2422 555 2501 corymbia.
629 2424 867 2485 110—1
884 2423 958 2484 12
988 2422 1321 2483 muliebrem
1353 2423 1636 2485 levitatem
1659 2429 2049 2504 perstrinyens
2080 2423 2393 2502 Eumolpus

241 2507 510 2586 fabulam
551 2516 760 2568 narrat
801 2506 867 2567 de
905 2517 1176 2569 matrona
1203 2508 1464 2588 Ephesia.
1532 2512 1864 2573 113—115
1909 2510 2046 2570 dum
2080 2513 2395 2571 convivan-

245 2603 343 2654 tur
372 2595 664 2673 variisque
692 2596 907 2653 amoris
935 2602 1236 2653 moventur
1266 2594 1581 2675 affectibus,
1613 2599 1795 2656 maris
1825 2604 2123 2676 tempestas
2152 2599 2391 2673 inyruit,

242 2681 469 2756 yuryi'te
498 2674 695 2739 Lichas
737 2677 1027 2751 hauritur,
1080 2675 1416 2758 Tryphaena
1464 2683 1785 2760 imponitur
1829 2681 2080 2761 scaphae,
2129 2679 2300 2742 Giton
2341 2691 2393 2741 et

246 2761 548 2842 Encolpios
591 2762 945 2824 cohaerentes
982 2764 1261 2844 amplexu
1300 2783 1358 2825 se
1384 2765 1658 2842 fluctibus
1696 2768 1951 2835 tradunt,
1996 2776 2049 2827 et
2077 2766 2141 2826 hi
2166 2766 2391 2847 quidem

247 2848 564 2909 incolumes
592 2849 840 2909 evadunt
869 2848 1323 2929 Eumolpumque
1353 2853 1417 2910 in
1448 2861 1665 2912 terram
1696 2851 1933 2913 trahunt
1962 2863 2127 2933 atque
2157 2855 2392 2912 eiectum

248 2936 313 2993 in
344 2933 484 2994 litus
512 2929 713 2995 Lichae
742 2951 948 3013 corpus
975 2938 1238 2996 miserati
1261 2936 1568 3014 fortunam
1598 2948 1960 3018 componunt.

424 3019 547 3080 116
584 3020 699 3081 117
747 3037 876 3079 cum
912 3017 1164 3080 Crotona
1190 3040 1367 3101 prope
1399 3021 1672 3083 vidissent
1700 3023 1898 3083 urbem
1928 3023 2260 3101 heredipetis
2288 3041 2394 3102 ap-

247 3112 385 3172 tam,
432 3104 509 3164 ad
546 3103 646 3164 hoc
686 3122 863 3182 yenus
902 3116 1166 3184 quaestus
1205 3124 1263 3166 se
1302 3105 1681 3169 subornantes
1710 3107 2057 3187 Eumolpum
2080 3107 2394 3167 ¹dominum

247 3188 479 3266 faciunt
509 3192 606 3250 cui
644 3192 760 3269 ipsi
780 3199 1044 3268 pareant,
1086 3195 1517 3275 mercennarius
1550 3204 1743 3253 autem
1787 3212 1953 3253 suam
1982 3195 2185 3252 asserit
2208 3190 2394 3251 -liber-

248 3284 440 3335 tatem.
510 3275 844 3338 118—124
867 3273 1184 3355 Eumolpus
1211 3281 1486 3337 tractanti
1513 3276 1811 3338 historiam
1836 3286 2035 3356 poetae
2061 3277 2393 3356 propositu-

249 3377 353 3420 rus
379 3358 704 3439 eoeemplum
733 3378 965 3422 carmen
991 3361 1195 3439 fundit
1222 3360 1513 3423 heroicum
1543 3362 1608 3422 de
1639 3361 1775 3423 bello
1809 3361 1984 3423 civili.
2061 3361 2392 3422 124-126

252 3447 481 3506 intrant
519 3444 785 3517 Crotona,
829 3444 962 3507 bene
993 3449 1196 3506 vivunt
1225 3445 1494 3523 fallaciis,
1539 3445 1847 3527 Encolpius
1876 3446 1966 3507 vel
1999 3446 2128 3526 ficto
2163 3448 2395 3505 nomine

253 3528 572 3608 Polyaenos
634 3527 977 3592 sollicitatur
1040 3529 1227 3591 Circes
1285 3535 1630 3611 procacitate
1683 3533 1937 3608 feminae
1993 3530 2394 3612 pulcerrimae.

257 3617 595 3678 127—130
627 3614 907 3696 lanyuore
950 3635 1054 3676 suo
1092 3615 1293 3678 Circen
1325 3616 1500 3678 laedit
1529 3627 1581 3677 et
1609 3616 1883 3696 epistulae
1915 3619 2268 3678 conviciosae
2296 3634 2394 3677 re—

251 3702 448 3763 scribit
476 3701 647 3762 verba
675 3705 1031 3763 eaecusantia.
1098 3703 1211 3766 131
1249 3703 1366 3764 132
1398 3706 1611 3763 iterum
1625 3703 1965 3783 perducitur
1985 3703 2062 3763 ad
2085 3703 2395 3771 dominam,

253 3790 467 3847 iterum
510 3785 786 3868 delinquit
828 3787 1087 3867 domique
1127 3788 1381 3849 dolorem
1425 3806 1599 3847 suum
1644 3786 2052 3849 declamatione
2098 3797 2395 3848 exonerat.

257 3873 594 3936 133—-136
617 3874 928 3934 medicinae
956 3891 1131 3934 causa
1155 3872 1362 3952 Priapi
1386 3871 1663 3952 templum
1688 3874 1987 3952 adyressus
2017 3873 2086 3935 ab
2114 3872 2399 3935 Oenothea

253 3959 538 4019 sacerdote
582 3960 782 4039 incipit
826 3963 1029 4019 curari
1070 3960 1133 4017 in
1179 3957 1400 4019 cellula.
1484 3958 1815 4022 136—139
1860 3978 2092 4020 sacrum
2135 3976 2396 4020 anserem

257 4041 467 4124 Priapi
493 4043 694 4105 occidit
731 4062 1086 4124 poenamque
1117 4042 1225 4105 luit
1254 4062 1401 4105 auro
1432 4055 1488 4105 et
1517 4046 1833 4106 curationis
1862 4045 2149 4106 molestias
2178 4046 2396 4103 evitans
