2881 4580
1221 297 1502 351 SA'rmAss
2339 299 2418 359 75

190 470 606 553 LgnantibuS.
697 471 865 533 multi
910 489 1052 551 ergo
1099 470 1379 550 utrinque
1423 472 1553 532 sine
1595 478 1787 532 morte
1849 470 2161 547 labuntur,
2218 473 2420 553 plures

258 558 494 620 cruenti
524 555 873 618 vulneribus
900 557 1172 618 referunt
1213 556 1392 618 veluti
1423 575 1496 617 ex
1527 556 1754 637 proelio
1784 557 1995 636 pedem
2015 605 2030 629 ,
2077 577 2189 620 nec
2219 568 2417 620 tamen

258 644 614 722 cuiusquam
646 641 732 703 ira
760 641 1006 703 laxatur.
1067 650 1211 703 tunc
1246 642 1602 703 fortissimus
1632 641 1806 703 Giton
1852 643 1922 703 ad
1954 643 2136 705 virilia
2181 663 2282 706 sua
2315 644 2418 705 ad-

256 729 441 791 movit
471 727 819 790 novaculam
848 727 1142 800 intestam,
1174 728 1433 789 minatus
1463 746 1527 788 se
1549 726 1916 789 abscisurum
1941 737 2031 790 tot
2050 729 2418 791 miseriarum

181 828 212 877 5
257 832 516 887 causam,
549 812 926 891 inhibuitque
949 812 1298 894 Tryphaena
1328 822 1447 873 tam
1480 813 1704 892 grande
1735 813 1965 876 facinus
1994 833 2119 875 non
2144 815 2420 877 dissimu-

258 901 370 962 lata
416 898 720 961 missione.
809 898 1043 978 saepius
1094 916 1203 978 ego
1248 898 1509 959 cultrum
1553 898 1885 960 tonsorium
1928 918 2110 979 super
2151 900 2418 979 iugulum

260 1003 459 1048 meum
492 983 686 1064 posui,
721 1002 842 1044 non
877 983 1060 1063 magis
1087 1001 1182 1045 me
1215 984 1541 1056 occisuruS,
1573 1001 1749 1062 quam
1781 983 1989 1057 Giton,
2037 985 2195 1063 quod
2227 986 2417 1047 mina-

258 1071 464 1145 batur,
510 1070 795 1130 facturuS.
858 1069 1135 1130 audacius
1163 1080 1358 1130 tamen
1394 1069 1492 1130 ille
1521 1070 1881 1148 tragoediam
1926 1070 2234 1149 implebat,
2281 1071 2416 1150 quia

256 1156 484 1219 sciebat
513 1174 578 1217 se
607 1154 762 1215 illam
792 1154 1012 1215 habere
1043 1155 1408 1228 novaculam,
1438 1172 1554 1233 qua
1586 1155 1698 1215 iam
1731 1153 1842 1216 sibi
1873 1156 2161 1217 cervicem
2190 1157 2419 1236 praeci·

56 1249 213 1307 Lo1o
256 1242 443 1306 derat.
483 1238 494 1322 Ι
535 1248 727 1302 stante
772 1257 914 1318 ergo
948 1246 1195 1318 utraque
1238 1240 1395 1315 acie,
1444 1258 1579 1300 cum
1625 1249 1938 1319 appareret
1981 1241 2244 1302 futurum
2293 1261 2415 1303 non

255 1326 615 1389 tralaticium
646 1324 889 1399 bellum,
922 1342 1097 1403 aegre
1120 1324 1478 1405 expugnavit
1505 1324 1889 1403 gubernator,
1922 1333 1987 1386 ut
2017 1326 2417 1388 caduceatoris

255 1431 424 1475 more
451 1411 804 1492 Tryphaena
835 1410 1093 1471 indutias
1122 1411 1359 1472 faceret.
1421 1411 1552 1471 data
1585 1428 1727 1489 ergo
1759 1418 2117 1489 acceptaque
2148 1430 2218 1472 ex
2249 1429 2416 1473 more

256 1499 451 1579 patrio
482 1497 598 1558 fide
629 1495 964 1575 praetendit
991 1513 1218 1556 ramum
1250 1496 1412 1557 oleae
1447 1514 1479 1556 a
1508 1495 1691 1556 tutela
1717 1496 1927 1575 navigii
1951 1506 2205 1574 raptum,
2239 1504 2415 1575 atque

254 1585 314 1646 in
349 1582 715 1662 colloquium
748 1581 949 1642 venire
979 1599 1118 1642 ausa

151 1679 207 1729 15
562 1667 716 1747 ‘quis
746 1666 932 1727 furor'
964 1665 1250 1727 exclamat
1280 1671 1510 1744 ‘pacem
1541 1666 1832 1728 convertit
1861 1666 1920 1727 in
1952 1663 2159 1727 arma?

567 1752 706 1831 quid
738 1761 977 1813 nostrae
1006 1769 1279 1813 meruere
1311 1749 1565 1814 manus?
1597 1771 1719 1813 non
1738 1752 1953 1814 Troius
1981 1751 2159 1814 heros

564 1839 676 1898 bac
705 1838 765 1899 in
799 1837 985 1899 classe
1013 1836 1170 1897 vehit
1200 1837 1430 1916 decepti
1462 1837 1681 1917 pignus
1710 1837 1963 1911 Atridae,

565 1942 678 1985 nec
708 1922 909 1984 Medea
939 1923 1145 1983 furens
1175 1923 1438 1982 fraterno
1472 1923 1761 2002 sanguine
1792 1933 2036 2003 pugnat.

564 2009 665 2070 sed
698 2017 1078 2088 contemptus
1105 2026 1274 2069 amor
1301 2008 1457 2069 vires
1484 2008 1679 2069 habet.
1742 2007 1796 2069 ei
1828 2008 1969 2069 mihi
2000 2009 2116 2069 sata

148 2105 207 2159 2⁰
564 2093 675 2155 hos
704 2094 861 2154 inter
891 2093 1107 2155 fluctus
1136 2093 1270 2172 quis
1298 2093 1482 2172 raptis
1512 2103 1716 2155 evocat
1745 2092 1969 2155 armis?

563 2179 658 2240 cui
691 2198 813 2243 non
846 2188 936 2240 est
964 2197 1125 2239 mors
1154 2197 1274 2239 una
1304 2175 1489 2240 satis?
1520 2197 1597 2239 ne
1625 2179 1842 2239 vincite
1874 2186 2125 2258 pontum

563 2264 1014 2345 gurgitibusque
1046 2264 1187 2326 seris
1215 2264 1359 2326 alios
1389 2263 1679 2344 imponite
1708 2263 1962 2325 fluctus?

427 2349 574 2412 haec
605 2358 672 2411 ut
696 2350 935 2412 turbato
958 2351 1215 2412 clamore
1239 2350 1454 2412 mulier
1477 2348 1701 2420 effudit,
1724 2349 1914 2410 haesit
1935 2347 2237 2428 paulisper
2259 2347 2414 2409 acies

252 2444 680 2515 revocataeque
711 2437 780 2497 ad
812 2454 1020 2515 pacem
1049 2453 1263 2496 manus
1292 2434 1666 2496 intermisere
1697 2433 1937 2495 bellum.
1999 2432 2186 2494 utitur
2207 2434 2412 2513 paeni-

152 2532 209 2583 25
249 2522 474 2583 tentiae
507 2521 818 2583 occasione
848 2523 967 2583 dux
990 2521 1316 2600 Eumolpos
1340 2529 1401 2582 et
1432 2520 1714 2599 castigato
1739 2528 1876 2581 ante
1900 2519 2412 2580 vehementissime

253 2606 439 2669 Licha
484 2607 713 2668 tabulas
757 2607 1010 2668 foederis
1054 2607 1276 2686 signat,
1323 2606 1457 2685 quis
1500 2606 1646 2667 haec
1690 2605 1943 2666 formula
1989 2613 2142 2665 erat:
2190 2612 2281 2665 ‘ex
2326 2606 2410 2666 tui

254 2692 438 2753 animi
469 2692 794 2766 sententia,
828 2700 896 2753 ut
925 2701 1008 2767 tu,
1042 2692 1395 2773 Tryphaena
1415 2737 1431 2766 ,
1464 2709 1663 2770 neque
1692 2690 1970 2752 iniuriam
1999 2689 2108 2752 tibi
2138 2691 2346 2751 factam
2378 2709 2410 2751 a

254 2778 475 2839 Gitone
529 2778 828 2857 quereris,
890 2796 1086 2857 neque
1145 2778 1194 2838 si
1253 2777 1393 2857 quid
1454 2786 1592 2838 ante
1636 2777 1798 2839 hunc
1842 2777 1994 2837 diem
2039 2777 2260 2837 factum
2305 2786 2413 2850 est,

255 2863 480 2925 obicies
509 2861 900 2925 vindicabisve
945 2872 1046 2924 aut
1090 2863 1210 2924 ullo
1242 2863 1356 2924 alio
1385 2880 1606 2941 genere
1637 2861 2115 2942 persequendum
2147 2861 2412 2938 curabis;

151 2957 208 3008 30
250 2958 319 3010 ut
347 2956 415 3009 tu
448 2947 597 3009 nihil
625 2947 944 3028 imperabis
973 2966 1161 3028 puero
1193 2948 1586 3028 repugnanti,
1620 2967 1741 3009 non
1774 2947 2127 3028 amplexum,
2162 2967 2284 3009 non
2317 2967 2414 3009 os-

255 3034 494 3107 culum,
526 3053 650 3095 non
695 3034 918 3095 coitum
946 3051 1164 3095 venere
1196 3034 1615 3106 constrictum,
1661 3033 1775 3094 nisi
1818 3052 1929 3112 pro
1973 3051 2089 3113 qua
2133 3051 2198 3093 re
2242 3051 2412 3112 prae-

254 3126 459 3180 sentes
491 3119 892 3181 numeraveris
936 3119 1212 3180 denarios
1258 3127 1519 3180 centum.
1579 3118 1751 3191 item,
1785 3118 1982 3192 Licha,
2016 3137 2086 3178 ex
2117 3118 2201 3178 tui
2234 3119 2414 3179 animi

256 3204 585 3279 sententia,
632 3213 698 3266 ut
742 3213 808 3265 tu
852 3203 1184 3285 Encolpion
1237 3223 1348 3265 nec
1392 3202 1573 3264 verbo
1608 3204 2038 3265 contumelioso
2082 3203 2414 3280 insequeris

260 3308 373 3351 nec
417 3290 613 3364 vultu,
662 3309 855 3369 neque
899 3308 1150 3369 quaeres
1193 3289 1294 3352 ubi
1327 3298 1503 3350 nocte
1533 3289 1814 3362 dormiat,
1859 3297 1960 3349 aut
1988 3288 2039 3348 si
2069 3288 2412 3366 quaesieris,

154 3383 210 3433 35
255 3392 367 3454 pro
398 3374 648 3454 singulis
679 3374 913 3436 iniuriis
946 3373 1287 3436 numerabis
1316 3385 1664 3454 praesentes
1693 3373 1971 3435 denarios
2000 3372 2303 3433 ducenos’.
2349 3373 2411 3434 in

188 3461 403 3521 Lhaec
433 3459 609 3520 verba
651 3460 991 3522 foederibus
1034 3460 1377 3540 compositis
1421 3478 1582 3520 arma
1628 3458 1982 3540 deponimus
2019 3457 2029 3532 Ι
2069 3465 2129 3517 et
2158 3474 2235 3516 ne
2265 3458 2413 3519 resi-

256 3545 372 3607 dua
404 3545 466 3606 in
498 3545 710 3607 animis
739 3546 914 3607 etiam
951 3555 1089 3625 post
1129 3544 1535 3608 iusiurandum
1583 3546 1667 3606 ira
1713 3550 2068 3614 remaneret,
2101 3544 2413 3622 praeterita

255 3629 485 3693 aboleri
529 3631 745 3693 osculis
804 3631 1013 3711 placet.
1102 3630 1554 3693 exhortantibus
1609 3629 1898 3692 universis
1942 3627 2072 3689 odia
2118 3628 2415 3692 detumes-

429 3800 465 3850 4
498 3796 736 3849 infertam
767 3797 776 3857 Ι
807 3797 1150 3850 abscissurum
1179 3797 1254 3865 116
1290 3796 1617 3849 miseratione
1655 3797 1885 3847 Haustus
1912 3794 1920 3864 Ι
1960 3798 2021 3850 10
2058 3811 2160 3848 non
2197 3795 2413 3849 st”lata-

258 3867 389 3919 rium
425 3865 474 3917 L
520 3864 540 3932 ΙΙ
589 3867 654 3918 13
692 3866 953 3932 protendit
999 3869 1008 3932 Ι
1058 3866 1226 3918 olivae
1271 3865 1524 3916 nonnulli
1559 3881 1628 3915 ecc
1670 3865 1710 3915 0
1749 3865 1769 3930 ΙΙ
1816 3868 1883 3918 16
1964 3865 2101 3917 roius
2138 3864 2301 3917 hostis
2337 3865 2414 3916 L:

259 3935 450 4002 hospes
489 3933 778 4001 Wehliusfl
807 3937 868 3989 19
905 3940 957 3987 et
992 3934 1160 4002 mihin
1187 3935 1251 3986 22
1291 3933 1552 3985 immittite
1590 3933 1634 3984 L
1658 3933 1678 4000 ΙΙ
1704 3935 1767 3986 23
1817 3933 2019 3986 turbata
2062 3932 2365 3984 Bit-hardus
2403 3933 2410 3998 Ι

258 4002 577 4122 &aitqua
573 4002 654 4068 011
683 4004 748 4056 26
781 4001 1018 4064 fortasse
1052 4003 1197 4055 cuius
1222 4001 1241 4068 ΙΙ
1267 4004 1332 4054 28
1370 4001 1600 4068 queraris
1623 4003 1645 4070 u
1671 4003 1737 4054 35
1774 4000 2022 4054 ducentos
2048 4003 2176 4054 libri
2196 4007 2417 4068 praeter·

311 4074 502 4122 utiseio
578 4086 783 4121 rentem

2462 2350 2584 2414 109
