2881 4580
1133 253 1416 309 PRIAPEA
2257 247 2380 306 143

461 434 560 497 sed
591 450 728 496 cum
755 440 822 493 tu
852 429 1043 510 posito
1075 429 1220 490 deus
1249 427 1478 507 pudore

462 519 735 582 ostendas
761 516 908 578 mihi
939 515 1136 576 coleos
1166 521 1455 594 patentes,

461 623 593 667 cum
622 622 826 666 cunno
858 601 998 662 mihi
1029 597 1291 661 mentula
1322 609 1411 659 est
1443 597 1720 659 vocanda.

1235 766 1393 827 XXX

465 892 654 954 ‘Falce
685 891 882 952 minax
912 899 972 951 et
997 898 1165 968 parte
1195 888 1281 949 tui
1311 886 1553 959 maiore,
1589 885 1818 964 Priape,

540 979 610 1039 ad
640 977 885 1047 fontem,
918 992 1156 1054 quaeso,
1188 973 1280 1033 dic
1312 971 1455 1032 mihi
1488 989 1601 1049 qua
1630 971 1705 1032 sit
1735 969 1885 1031 iter.'

466 1065 606 1125 vade
636 1079 746 1143 per
774 1062 879 1122 has
907 1060 1070 1133 viteS‚
1104 1075 1354 1138 quarum
1384 1057 1430 1117 si
1464 1056 1756 1136 carpseris
1789 1072 1976 1128 uvam,

546 1165 653 1211 cur
681 1147 852 1209 aliter
880 1163 1094 1218 sumaS,
1125 1144 1359 1223 hospeS,
1390 1141 1633 1202 habebis
1668 1158 1896 1220 aquam.

1222 1292 1406 1353 XXXI

469 1421 671 1482 Donec
701 1425 971 1498 proterva
1004 1415 1087 1476 nil
1116 1414 1233 1476 mei
1263 1431 1440 1474 manu
1473 1429 1699 1492 carpeS,

469 1504 671 1568 licebit
699 1505 824 1584 ipsa
855 1503 934 1564 sis
964 1499 1237 1580 pudicior
1267 1498 1457 1560 Vesta.

472 1592 583 1664 sin,
613 1591 761 1652 haec
790 1588 908 1649 mei
939 1596 994 1648 le
1024 1585 1248 1646 ventris
1279 1602 1439 1644 arma
1472 1581 1772 1654 laxabunt,

472 1677 628 1740 exire
658 1684 724 1736 ut
754 1674 881 1753 ipse
912 1673 983 1733 de
1013 1681 1115 1731 tuo
1149 1688 1330 1749 queas
1359 1667 1515 1729 culo.

1213 1821 1425 1888 XXXII

476 1948 607 2009 Vvis
637 1946 857 2008 aridior
883 1942 1078 2025 puella
1109 1942 1316 2022 passiS,

476 2034 631 2094 buxo
662 2031 935 2113 pallidior
965 2045 1235 2106 novaque
1266 2042 1419 2097 cera,

479 2119 713 2180 collatas
742 2115 866 2179 sibi.
886 2132 1036 2195 quae
1066 2113 1306 2191 suisque
1335 2108 1616 2170 membris

482 2204 754 2265 formicas
785 2201 925 2263 facit
952 2198 1139 2260 altiles
1168 2196 1370 2265 videri,

481 2290 646 2351 cuius
671 2288 895 2350 viscera
927 2304 1048 2346 non
1081 2280 1545 2363 aperta'l'uscus
2284 2280 2314 2328 5

460 2377 590 2455 'per
617 2375 826 2456 pellem
861 2370 1081 2452 poterit
1108 2368 1305 2430 videre
1334 2366 1649 2443 haruspex,

485 2478 632 2540 quae
655 2478 797 2521 suco
824 2466 984 2519 caret
1013 2472 1204 2534 usque
1236 2450 1426 2532 putris
1456 2466 1691 2528 pumex,

483 2564 657 2607 nemo
687 2544 898 2605 viderit
926 2542 1079 2602 hanc
1110 2548 1179 2600 ut
1208 2545 1586 2617 expuentem,

484 2650 658 2710 quam
689 2649 797 2710 pro
826 2626 1115 2707 sanguine
1145 2623 1448 2704 pulverem
1479 2618 1838 2696 scobemque

486 2717 546 2777 in
576 2717 739 2777 venis
769 2712 980 2775 medici
1010 2717 1222 2790 putant
1248 2707 1490 2779 habere,
2266 2702 2325 2753 10

489 2803 556 2875 ad
589 2821 680 2862 me
712 2811 889 2862 nocte
919 2798 1068 2859 solet
1096 2794 1302 2856 venire
1332 2801 1392 2853 et
1421 2792 1592 2851 affert

488 2887 770 2967 pallorem
801 2885 1168 2961 maciemque
1197 2878 1500 2940 larualem.

488 2972 700 3033 ductor
728 2972 957 3032 ferreus
985 2966 1423 3042 insulariusque

490 3056 790 3118 lanternae
811 3056 1013 3116 videor
1043 3052 1253 3114 fricare
1285 3066 1493 3109 cornu.

1214 3216 1456 3279 XXXIII

493 3344 702 3406 Naidas
732 3342 957 3422 antiqui
989 3340 1364 3421 Dryadasque
1395 3335 1656 3396 habuere
1696 3328 1911 3408 Priapi,

572 3439 631 3491 et
662 3449 779 3510 quo
812 3438 973 3490 tenta
1004 3419 1097 3487 dei
1127 3442 1274 3485 vena
1304 3421 1550 3492 subiret,
1582 3427 1723 3478 erat.
1847 3475 1852 3481 ,

495 3534 658 3577 nunc
690 3516 834 3576 adeo
869 3512 1015 3574 nihil
1047 3519 1153 3582 est,
1186 3509 1332 3582 adeo
1363 3525 1492 3567 mea
1522 3496 1912 3584 plena-libido
1944 3504 2051 3566 est,

549 3612 641 3661 ,ut
669 3600 966 3681 Nymphas
996 3596 1188 3657 omnis
1217 3593 1510 3655 interiisse
1538 3598 1760 3667 putem.

499 3696 671 3765 turpe
698 3685 934 3765 quidem
965 3684 1144 3754 factu,
1176 3680 1278 3741 sed
1311 3697 1386 3738 ne
1416 3674 1705 3751 tentigine
1738 3684 1999 3747 rumpar,
2303 3670 2333 3718 5

575 3771 722 3831 falce
755 3769 893 3831 mihi
925 3767 1113 3848 posita
1142 3762 1455 3840 fietlamica
1487 3776 1713 3820 manus·

442 3971 579 4023 XXX
616 3974 646 4023 3
672 3972 924 4022 edebatur
948 3983 1074 4021 uvas
1103 3966 1112 4026 Ι
1164 3968 1198 4016 4
1222 3970 1382 4031 aquas
1405 3961 1508 4033 aJii
1535 3959 1553 4025 ΙΙ
1575 3955 1734 4010 XXXI
1761 3954 1826 4007 45
1870 3968 1926 4005 sa
1949 3953 1969 4020 ss
1997 3947 2175 4002 XXXII
2200 3951 2227 3999 7
2257 3959 2432 4012 usque,

284 4056 479 4109 quaque
517 4055 703 4106 pumex
739 4040 993 4103 temptavi
1023 4038 1032 4103 Ι
1065 4037 1124 4088 13
1161 4031 1399 4099 insularis
1435 4043 1596 4096 aeque
1619 4027 1640 4094 ss
1665 4023 1804 4077 XXX
1901 4024 1932 4074 6
1970 4020 2100 4071 falce
2136 4030 2287 4068 manu
