2881 4580
309 867 427 931 139

307 3425 427 3486 140

481 267 602 325 106
1399 264 1702 319 PETRonu

475 441 783 521 amplecti:
829 441 1074 502 forsitan
1122 440 1341 501 rediret
1383 440 1498 499 hoc
1544 457 1762 519 corpus
1805 440 1875 500 ad
1922 439 2076 501 vires
2117 448 2177 499 et
2207 440 2638 519 resipiscerent
2675 448 2723 498 L

477 537 678 605 partes
721 527 1039 600 veneficio,
1083 526 1301 599 credo,
1345 524 1591 620 sopitae.
1653 543 1766 586 nec
1808 542 1905 585 me
1944 525 2345 586 contumeliae
2376 527 2633 592 lassant:

477 611 637 690 quod
681 612 1023 673 verberatus
1066 630 1232 683 sum,
1278 610 1513 683 nescio;
1561 610 1719 687 quod
1760 610 1985 672 eiectus
2026 628 2189 684 suin,
2234 610 2433 674 lusum
2462 626 2636 695 puto.

475 697 653 758 modo
685 697 923 759 redire
907 717 969 758 in
1000 697 1246 777 gratiam
1279 694 1470 757 liceat'

1540 802 1572 838 ξε

642 875 840 928 torum
873 867 1171 946 frequenti
1200 866 1553 927 tractatione
1584 865 1816 937 vexavi,
1848 865 2063 925 amoris
2093 865 2209 926 mei
2241 870 2408 944 quasi
2441 888 2640 948 quan·
2685 878 2715 925 5

476 952 607 1013 dam
640 953 960 1032 imag-inem

1536 1058 1570 1093 ὴ

784 1130 928 1184 ‘non
960 1123 1150 1185 solum
1182 1140 1277 1183 me
1307 1139 1530 1182 numen
1560 1128 1625 1181 et
1654 1119 2019 1199 implacabile
2054 1121 2235 1181 satum

783 1209 1180 1288 persequitur.
1241 1206 1408 1287 prius
1437 1205 1676 1267 Inachia
1706 1205 2053 1285 Tirynthius
2081 1224 2183 1267 ora

783 1294 1105 1373 exagitatus
1134 1312 1286 1354 onus
1316 1292 1461 1353 caeli
1494 1290 1647 1363 tulit,
1678 1300 1817 1351 ante
1849 1293 2157 1370 profanam

784 1379 1122 1440 Laomedon
1155 1377 1376 1458 gemini
1405 1375 1635 1438 satiavit
1663 1376 1927 1437 numinis
1958 1377 2122 1451 iram,
2254 1420 2258 1429 -
2688 1388 2744 1438 10

783 1464 1073 1526 Iunonem
1108 1464 1293 1525 Pelias
1323 1462 1529 1533 sensit,
1559 1460 1693 1521 tulit
1723 1461 1946 1522 inscius
1977 1479 2134 1522 arma

784 1550 1082 1629 Telephus
1112 1557 1171 1610 et
1201 1566 1456 1627 regnum
1484 1546 1748 1626 Neptuni
1778 1547 1935 1625 pavit
1966 1546 2177 1608 VlixeS.

783 1654 879 1695 me
910 1653 1148 1713 quoque
1178 1652 1288 1714 per
1315 1644 1522 1705 terr-ae,
1552 1650 1661 1712 per
1691 1633 1824 1693 cani
1856 1632 2079 1694 Nereos
2106 1651 2334 1711 aequor

786 1719 1243 1798 Hellespontiaci
1274 1718 1543 1796 sequitur
1572 1716 1764 1796 gravis
1794 1717 1879 1777 ira
1910 1716 2121 1797 Priapi’

1540 1825 1572 1860 ῆι

641 1906 933 1967 quaerere
977 1907 1009 1950 a
1041 1888 1254 1950 Gitone
1297 1906 1433 1949 meo
1479 1888 1671 1966 coepi,
1718 1906 1863 1949 num
1909 1888 2119 1967 aliquis
2163 1907 2256 1949 me
2287 1888 2635 1967 quaesisset.
2684 1896 2739 1947 15

478 1973 695 2033 ‘nemo’
727 1974 919 2053 inquit
960 1975 1171 2035 ‘hodie
1221 1974 1320 2034 sed
1353 1973 1635 2033 hesterno
1666 1972 1759 2033 die
1788 1973 2003 2034 mulier
2032 1974 2313 2052 quaedam
2347 1974 2503 2034 haud
2538 1975 2634 2035 in-

478 2060 632 2120 culta
678 2059 911 2121 ianuam
957 2059 1224 2133 intravit,
1271 2076 1527 2137 cumque
1566 2058 1671 2118 diu
1716 2076 1947 2120 mecum
1988 2069 2148 2121 esset
2190 2059 2388 2120 locuta
2432 2069 2494 2120 et
2537 2078 2633 2121 me

476 2144 761 2206 accersito
787 2164 1068 2207 sermone
1099 2145 1400 2218 lassasset,
1448 2143 1653 2203 ultimo
1685 2144 1883 2223 coepit
1910 2143 2138 2219 dicere,
2168 2154 2228 2205 te
2260 2163 2478 2206 noxam
2506 2162 2634 2207 me·

475 2230 664 2292 ruisse
708 2231 1097 2311 daturumque
1142 2230 1382 2292 serviles
1423 2246 1679 2310 poenaS,
1726 2229 1775 2290 si
1819 2229 2009 2292 laesus
2037 2230 2097 2293 in
2130 2230 2395 2309 querella
2425 2248 2631 2310 perse-

475 2317 748 2378 verasset’
2680 2324 2738 2374 20

1530 2397 1564 2432 ὴ

646 2486 915 2548 nondum
963 2486 1283 2566 querellam
1325 2485 1624 2559 finieram,
1683 2502 1818 2545 cum
1865 2485 2100 2565 Chrysis
2142 2484 2465 2546 intervenit
2508 2504 2631 2547 am-

476 2572 774 2652 plexuque
805 2572 1155 2633 effusissimo
1189 2590 1281 2631 me
1311 2571 1522 2631 invasit
1554 2578 1614 2630 et
1640 2575 1842 2630 ‘teneo
1873 2570 1951 2631 te'
1983 2570 2177 2649 inquit
2207 2571 2460 2649 ‘qualem
2489 2590 2628 2651 spe·

475 2674 771 2718 raveram:
803 2665 868 2717 tu
898 2657 1251 2718 desiderium
1282 2674 1480 2717 meum
1499 2703 1514 2727 ,
1544 2663 1610 2716 tu
1639 2655 1909 2735 voluptas
1938 2674 2085 2730 mea,
2118 2673 2427 2735 nunquam
2456 2656 2631 2718 finies

476 2742 636 2803 hunc
667 2743 886 2820 ignem,
919 2742 1033 2802 nisi
1062 2741 1353 2820 sanguine
1390 2739 1730 2801 extinxeris’

1538 2847 1570 2882 ²1³

646 2928 802 2971 unus
847 2928 917 2970 ex
964 2910 1207 2972 noviciis
1250 2911 1498 2972 servulis
1541 2911 1738 2972 subito
1771 2909 2028 2970 accurrit
2057 2917 2119 2970 et
2148 2908 2288 2969 mihi
2319 2908 2633 2971 dominum
2679 2920 2736 2971 25

476 2996 852 3057 iratissimum
898 3015 1027 3057 esse
1072 2996 1410 3070 affirmavit,
1457 2995 1616 3075 quod
1662 2994 1843 3056 biduo
1885 2994 1999 3055 iam
2046 2994 2243 3055 officio
2289 2994 2629 3056 defuissem.

479 3090 640 3142 recte
671 3100 812 3160 ergo
845 3099 938 3142 me
967 3082 1280 3155 facturum,
1313 3081 1361 3142 si
1393 3081 1832 3143 excusationem
1863 3080 2117 3159 aliquam
2151 3080 2421 3140 idoneam
2453 3098 2631 3159 prae-

477 3184 795 3246 parassem.
859 3167 952 3227 vix
979 3167 1139 3227 enim
1176 3185 1350 3246 posse
1382 3167 1531 3240 fieri,
1562 3176 1630 3226 ut
1658 3165 1853 3226 rabies
1884 3164 2193 3226 irascentis
2221 3164 2351 3225 sine
2378 3165 2631 3227 verbere

475 3252 809 3316 oonsideret
1529 3333 1563 3370 *

643 3432 911 3484 matrona
935 3423 1091 3484 inter
1113 3422 1335 3501 primas
1357 3422 1627 3494 honesta,
1659 3420 1978 3481 Philomela
2005 3420 2264 3492 nomine,
2298 3437 2449 3498 quae
2473 3421 2633 3481 mul—
2677 3431 2735 3481 30

479 3516 565 3569 tas
594 3527 771 3588 saepe
799 3508 1156 3569 hereditates
1181 3508 1381 3568 officio
1415 3506 1619 3567 aetatis
1650 3514 2005 3578 extorserat,
2038 3515 2163 3566 tum
2192 3524 2344 3566 ¹anus
2373 3514 2432 3565 et
2462 3504 2629 3566 floris

478 3594 751 3665 extincti,
796 3594 981 3654 filium
1026 3592 1321 3672 filiamque
1363 3591 1675 3669 ingerebat
1717 3591 1878 3652 orbis
1914 3590 2186 3661 senibus,
2231 3599 2287 3651 et
2333 3608 2443 3669 per
2473 3590 2629 3651 hanc

477 3678 912 3738 successionem
957 3687 1142 3738 artem
1187 3696 1353 3739 suam
1395 3676 1810 3757 perseverabat
1854 3675 2191 3737 extendere.
2251 3694 2319 3736 ea
2363 3693 2510 3753 ergo
2555 3676 2628 3737 ad

653 3897 676 3947 1
717 3895 1080 3947 reviviscerent
1113 3896 1351 3948 Batavus
1383 3898 1584 3961 aliquis
1622 3894 1645 3962 fl
1690 3899 1719 3947 5
1755 3895 2030 3946 iactatione
2075 3895 2508 3959 hunger-mmm
2541 3893 2561 3960 ΙΙ
2592 3896 2626 3945 8

479 3962 549 4013 ira
587 3962 606 4029 ss
648 3966 711 4016 10
757 3966 816 4012 in
847 3964 1001 4014 dubo-is
1035 3963 1302 4030 legitur-p
1305 3969 1390 4016 ost
1425 3968 1483 4018 11
1532 3963 1551 4032 n
1598 3966 1660 4015 12
1696 3963 1842 4014 cavit.
1868 3961 2305 4027 &altger-anmi!
2340 3963 2406 4013 27
2443 3966 2630 4027 potius

480 4045 828 4098 praepararem
853 4033 873 4099 fl
901 4033 966 4083 30
1002 3980 1302 4084 Philumena
1338 4032 1723 4098 Scaliger-anus
1753 4031 1772 4096 ΙΙ
1810 4032 1872 4083 31
1914 4037 2082 4082 tamen
2120 4044 2247 4082 anus
