2881 4580
262 2780 388 2842 134

427 301 458 357 1
469 300 548 360 00
1385 297 1692 350 PETRONII

424 473 484 532 in
534 471 807 533 iniuriam
837 470 1119 548 vigilavit,
1167 488 1240 530 an
1276 480 1599 533 contentus
1629 471 1740 532 fuit
1768 470 1937 531 vidua
1970 471 2300 550 pudicaque
2333 480 2510 533 nocte
2525 469 2688 532 ‘PLO

425 557 615 636 tetigit
656 574 809 636 puer
853 555 1057 616 oculos
1101 574 1239 616 suos
1273 557 1865 636 conceptissimisque
1896 556 2105 617 iuravit
2132 557 2326 618 verbis
2356 557 2468 618 sibi
2502 557 2576 617 ab

426 642 662 722 Ascylto
695 641 911 702 nullam
941 641 1053 701 vim
1087 641 1299 702 factam
1480 724 1512 759 *

428 811 742 891 positoque
776 811 835 871 in
869 810 1071 871 limine
1102 829 1259 890 genu
1291 812 1375 872 sic
1407 812 1755 891 deprecatus
1786 829 1915 872 sum
1949 811 2197 872 numina
2227 829 2432 872 versu:

535 896 952 976 ‘Nympharum
986 895 1317 975 Bacchique
1347 915 1563 970 comes,
1596 914 1772 974 quem
1802 895 2050 975 pulchra
2083 897 2271 957 Dione
2627 910 2658 958 5

556 981 831 1042 divitibus
861 981 1017 1041 silvis
1048 999 1271 1042 numen
1303 981 1481 1054 dedit,
1511 980 1714 1042 inclita
1746 989 1912 1060 paret

558 1066 652 1127 cui
684 1066 909 1127 Lesbos
941 1065 1257 1144 viridisque
1289 1066 1531 1140 Thasos,
1566 1084 1740 1145 quem
1772 1065 1968 1146 Lydus
1998 1066 2203 1126 adorat

557 1151 996 1230 semperflavius
1027 1151 1432 1231 templumque
1463 1151 1586 1212 suis
1616 1151 1869 1230 imponit
1898 1150 2227 1230 Hypaepis:

556 1237 671 1297 huc
703 1237 841 1297 ades
872 1244 930 1297 et
959 1236 1172 1296 Bacchi
1201 1245 1365 1297 tutor
1393 1237 1812 1316 Dryadumque
1840 1235 2127 1316 voluptaS,

560 1331 618 1383 et
647 1321 878 1383 timidas
909 1321 1148 1382 admitte
1179 1340 1407 1402 preces.
1469 1340 1591 1382 non
1625 1321 1914 1400 sanguine
1944 1321 2098 1382 tristi
2630 1333 2689 1385 10

558 1408 833 1487 perfusus
862 1407 1056 1479 venio,
1092 1426 1210 1467 non
1244 1407 1478 1487 templis
1509 1406 1725 1487 impius
1754 1406 1939 1467 hostis

557 1491 785 1552 admovi
816 1493 1097 1565 dextram,
1129 1492 1231 1553 sed
1262 1493 1437 1571 inops
1468 1499 1526 1552 et
1555 1492 1734 1552 rebus
1764 1490 1968 1570 egenis

558 1577 790 1638 attritus
820 1577 1048 1638 facinus
1080 1596 1201 1638 non
1235 1586 1360 1637 toto
1393 1594 1644 1656 corpore
1675 1577 1808 1637 feci.

561 1662 827 1741 quisquis
858 1671 1064 1740 peccat
1093 1662 1285 1742 inops,
1316 1662 1519 1722 minor
1548 1671 1636 1723 est
1665 1680 1822 1723 reuS.
1883 1662 1991 1722 hac
2022 1678 2220 1741 prece,
2253 1676 2493 1738 quaeso,

561 1765 814 1807 exonera
845 1755 1102 1807 mentem
1137 1746 1464 1827 culpaeque
1494 1747 1736 1825 ignosce
1766 1746 2011 1807 minori:
2629 1758 2688 1807 15

560 1841 617 1892 et
647 1832 1005 1910 quandoque
1035 1831 1178 1892 mibi
1208 1834 1481 1893 fortunae
1513 1832 1777 1894 arriserit
1806 1833 1971 1904 hora,

562 1935 685 1977 non
719 1917 847 1977 sine
876 1917 1106 1977 honore
1135 1924 1305 1978 tuum
1337 1917 1529 1996 patiar
1558 1917 1755 1978 decuS.
1815 1917 1925 1978 ibit
1952 1917 2025 1976 ad
2056 1933 2201 1987 aras,

558 2010 777 2075 sancte,
810 2010 939 2063 tuas
968 2002 1187 2073 hircus,
1220 2002 1455 2081 pecoris
1484 2010 1669 2081 pater,
1702 2003 1808 2063 ibit
1839 2002 1908 2062 ad
1940 2019 2070 2062 aras

561 2086 841 2165 corniger
870 2097 928 2148 et
958 2088 1239 2166 querulae
1270 2089 1423 2148 fetus
1452 2087 1593 2160 suis,
1624 2088 1814 2149 hostia
1844 2088 2086 2148 lactens.

559 2172 858 2251 spumabit
886 2172 1106 2252 pateris
1135 2173 1365 2234 hornus
1393 2171 1611 2251 liquor,
1644 2181 1705 2234 et
1732 2181 1824 2234 ter
1855 2181 2122 2234 ovantem
2627 2182 2689 2231 20

558 2258 713 2319 circa
746 2257 1055 2319 delubrum
1087 2275 1356 2338 gressum
1386 2258 1538 2319 feret
1568 2257 1730 2319 ebria
1760 2257 1966 2339 pubes’

1488 2366 1520 2401 ak

603 2428 740 2488 dum
771 2428 916 2489 haec
947 2446 1056 2508 ago
1087 2446 1349 2507 curaque
1379 2429 1601 2490 sollerti
1633 2429 1900 2508 deposito
1932 2446 2064 2489 meo
2098 2445 2303 2499 caveo,
2347 2425 2586 2487 intravit

435 2513 742 2574 delubrum
772 2532 923 2574 anus
952 2514 1221 2575 laceratis
1251 2513 1521 2575 crinibus
1551 2515 1838 2593 nigraque
1867 2523 2026 2575 veste
2057 2511 2356 2584 deformis,
2389 2519 2583 2571 extra-

439 2617 554 2676 que
584 2599 935 2661 vestibulum
966 2618 1061 2659 me
1092 2599 1305 2659 iniecta
1338 2617 1518 2659 manu
1552 2598 1718 2659 duxit

1493 2707 1525 2741 *

599 2766 609 2847 Ι
648 2772 819 2846 ‘quae
841 2767 1054 2845 striges
1077 2768 1466 2830 comederunt
1490 2787 1704 2830 nervos
1731 2778 1884 2840 tuoS,
1917 2775 2017 2827 aut
2040 2766 2198 2845 quod
2224 2783 2585 2845 purgamen·
2630 2777 2693 2828 25
2716 2774 2763 2825 L

432 2863 556 2913 tum
603 2861 778 2913 nocte
822 2851 1052 2912 calcasti
1099 2852 1159 2912 in
1206 2852 1374 2913 trivio
1404 2863 1506 2915 aut
1534 2850 1822 2915 cadaver?
1869 2872 1946 2913 ne
1976 2871 2006 2913 a
2038 2869 2226 2931 puero
2259 2851 2497 2930 quidem
2526 2858 2586 2910 te

432 2936 770 3009 vindicasti,
803 2936 903 2997 sed
936 2935 1160 3009 mollis,
1194 2936 1434 3013 debilis,
1467 2940 1687 3014 lassus,
1716 2947 2002 3017 tanquam
2031 2936 2293 2997 caballus
2322 2936 2381 2996 in
2417 2936 2586 3007 clivo,

436 3032 493 3083 et
538 3039 776 3101 operam
823 3030 882 3082 et
925 3021 1199 3083 sudorem
1247 3023 1574 3102 perdidisti.
1638 3042 1750 3085 nec
1795 3032 2113 3085 contentus
2159 3022 2284 3101 ipse
2314 3038 2587 3100 peccare,

434 3107 576 3167 mihi
609 3107 751 3168 deos
783 3107 962 3167 iratos
994 3107 1274 3168 excitasti'
1490 3190 1523 3226 *

605 3272 615 3360 Ι
654 3294 722 3338 ac
765 3296 859 3338 me
906 3277 1117 3339 iterum
1166 3277 1225 3337 in
1274 3277 1480 3338 cellam
1512 3277 1832 3339 sacerdotis
1862 3276 2011 3337 nihil
2038 3283 2412 3337 recusantem
2446 3293 2592 3355 per·
2633 3283 2803 3337 30ιο

442 3362 609 3423 duxit
652 3362 1002 3443 impulitque
1048 3380 1231 3442 super
1274 3363 1495 3423 lectum
1540 3371 1599 3424 et
1642 3362 2034 3423 harundinem
2079 3360 2153 3421 ab
2198 3360 2346 3421 ostio
2393 3360 2592 3440 rapuit

438 3447 772 3527 iterumque
818 3448 964 3509 nihil
1010 3449 1471 3527 respondentem
1518 3448 1809 3508 mulcavit.
1866 3465 1935 3507 ac
1966 3446 2079 3508 nisi
2110 3444 2302 3525 primo
2334 3445 2453 3507 ictu
2484 3446 2590 3506 ha-

438 3533 631 3593 rundo
680 3541 948 3611 quassata
994 3533 1279 3612 impetum
1321 3532 1688 3594 verberantis
1732 3532 2072 3604 minuisset,
2119 3531 2363 3592 forsitan
2412 3530 2590 3591 etiam

440 3616 676 3677 brachia
707 3636 833 3679 mea
858 3627 1153 3698 caputque
1181 3618 1473 3697 fregisset.
1518 3618 1780 3696 ingemui
1804 3636 1914 3697 ego
1937 3617 2144 3696 utique
2166 3625 2413 3696 propter
2434 3633 2591 3677 mas-

612 3784 643 3835 8
680 3783 950 3849 septifluus
1000 3784 1129 3835 libri
1159 3783 1419 3850 plerique.
1491 3784 1764 3836 vestifluus
1805 3782 2104 3847 Turnebm,
2154 3782 2455 3850 suppliciter
2491 3798 2591 3847 ego

443 3853 701 3915 temptavi
728 3850 737 3916 Ι
768 3851 870 3903 tuis
893 3851 912 3919 ΙΙ
941 3855 971 3905 9
1008 3868 1039 3903 o
1076 3851 1262 3904 Bacchi
1304 3852 1588 3904 Goldastus
1627 3852 1648 3919 ΙΙ
1694 3854 1755 3906 16
1792 3866 1913 3903 aura
1949 3853 2202 3903 Pithoeus
2227 3851 2247 3919 ΙΙ
2274 3853 2337 3904 19
2374 3850 2540 3903 festus
2578 3849 2590 3918 l

441 3916 640 3969 lactans
665 3918 704 3969 0
727 3918 748 3987 11
775 3921 840 3971 23
864 3923 1075 3987 atraque
1103 3921 1233 3971 libri
1263 3920 1581 3985 interpolati
1605 3920 1625 3987 ΙΙ
1651 3923 1715 3974 25
1737 3924 2088 3987 praemissum
2118 3918 2424 3972 Proselenos
2461 3934 2593 3971 anus

442 3984 505 4036 ad
541 3985 843 4052 Encolpium
876 3987 884 4053 Ι
914 3988 1273 4039 consciderunt
1310 3992 1518 4039 conieci
1540 3988 1561 4055 11
1588 3991 1652 4042 26
1688 3990 1741 4039 in
1777 3993 1927 4042 nocte
1956 3989 1966 4056 1
1997 4004 2091 4040 nec
2117 3988 2137 4055 ΙΙ
2175 3991 2241 4041 29
2276 3988 2538 4039 extricasti
2576 3986 2599 4053 ll

443 4056 509 4106 34
543 4056 995 4121 mastuprationem
1031 4057 1460 4120 langen-mannus
