2881 4580
1176 351 1458 405 sArmAE
1521 432 1527 441 .
2350 359 2431 418 85

168 516 257 570 1ιο
445 521 558 582 iam
590 522 1057 602 peragebantur3
1089 524 1136 585 si
1169 525 1303 603 quis
1331 525 1500 586 sinus
1530 525 1761 586 abditus
1794 528 1962 602 ultra,

443 607 490 667 si
523 625 637 686 qua
671 607 827 668 foret
854 607 1048 683 telluS,
1082 627 1232 687 quae
1263 609 1485 671 fulvum
1516 610 1779 672 mitteret
1809 631 2040 688 aurum,
2319 630 2349 679 5

446 692 634 753 hostis
663 701 805 766 erat,
837 693 1087 772 fatisque
1110 694 1171 754 in
1206 695 1393 756 tristia
1425 695 1575 755 bella
1608 696 1825 775 paratis

449 776 891 857 quaerebantur
921 796 1082 858 opes.
1147 797 1270 840 non
1303 780 1478 860 vulgo
1511 789 1651 841 nota
1683 780 1998 860 placebant

448 862 680 943 gaudia,
714 881 834 922 non
869 881 979 924 usu
1010 862 1243 942 plebeio
1274 865 1410 926 trita
1440 866 1729 945 voluptas.

448 966 546 1008 aes
573 946 1008 1027 Ephyreiacum
1038 947 1310 1010 laudabat
1338 949 1508 1010 miles
1538 949 1598 1010 in
1635 951 1789 1012 unda
1813 969 1829 1025 ;

449 1031 752 1112 quaesitus
782 1032 996 1094 tellure
1027 1033 1186 1093 nitor
1216 1042 1543 1095 certaverat
1574 1043 1774 1109 ostro;
2293 1051 2349 1101 10

447 1117 590 1177 hinc
620 1116 906 1178 Numidae
937 1127 1233 1193 accusant,
1266 1118 1432 1180 illinc
1466 1137 1613 1180 nova
1645 1121 1858 1182 vellera
1889 1121 2083 1197 Seres,

449 1212 625 1281 atque
655 1202 913 1262 Arabum
944 1202 1203 1283 populus
1231 1222 1336 1264 sua
1367 1204 1793 1284 despoliaverat
1821 1224 1974 1268 arva.

450 1305 588 1348 ecce
619 1287 764 1348 aliae
794 1286 990 1349 clades
1020 1296 1080 1348 et
1109 1288 1298 1349 laesae
1327 1288 1569 1349 vulnera
1601 1290 1781 1368 pacis.

452 1372 757 1451 quaeritur
786 1373 847 1432 in
880 1372 1037 1433 silvis
1067 1391 1213 1433 auro
1243 1373 1385 1449 fera,
1418 1382 1477 1433 et
1508 1373 1748 1434 ultimus
1780 1374 2071 1438 Hammon

451 1457 729 1518 Afrorum
761 1457 1074 1531 excutitur,
1108 1476 1186 1517 ne
1215 1457 1365 1520 desit
1393 1457 1565 1519 belua
1598 1458 1775 1519 dente
2298 1474 2353 1524 15

450 1541 520 1602 ad
551 1550 775 1603 mortes
804 1542 1092 1622 pretiosa;
1123 1543 1307 1604 fames
1336 1544 1555 1622 premit
1584 1544 1805 1604 advena
1838 1544 2073 1620 classes,

452 1627 618 1706 tigris
647 1635 706 1687 et
738 1635 937 1688 aurata
969 1627 1246 1706 gradiens
1277 1636 1542 1689 vectatur
1570 1628 1631 1688 in
1665 1628 1815 1702 aula,

452 1720 517 1772 ut
546 1711 709 1773 bibat
737 1712 1060 1772 humanum
1090 1713 1315 1792 populo
1345 1712 1665 1793 plaudente
1695 1732 1994 1776 cruorem.

452 1797 587 1871 heu,
618 1797 801 1877 pudet
830 1797 993 1857 effari
1024 1797 1408 1877 perituraque
1438 1798 1691 1877 prodere
1722 1800 1857 1873 sata,

454 1881 769 1943 Persarum
800 1882 916 1942 ritu
950 1882 1101 1943 male
1131 1882 1600 1962 pubescentibus
1630 1885 1803 1945 annis
2212 1894 2217 1899 ’
2296 1897 2356 1948 20

452 1967 794 2047 surripuere
821 1967 980 2028 viros
1012 1975 1360 2047 exsectaque
1392 1968 1614 2029 viscera
1647 1968 1806 2029 ferro

454 2052 514 2112 in
546 2069 822 2112 venerem
854 2052 1107 2131 fregere,
1139 2060 1314 2131 atque
1344 2061 1409 2113 ut
1440 2053 1574 2133 suga
1607 2053 1826 2114 nobilis
1855 2054 1980 2114 aevi

453 2136 896 2216 circumscripta
927 2155 1091 2197 mora
1122 2145 1516 2217 properantes
1545 2138 1777 2199 differat
1806 2156 2014 2213 annos,

454 2221 685 2301 quaerit
713 2240 777 2282 se
810 2231 1020 2283 natura
1052 2241 1165 2283 nec
1194 2222 1438 2283 invenit.
1500 2222 1778 2284 omnibus
1808 2240 1950 2303 ergo

453 2315 647 2369 scorta
678 2307 916 2388 placent
945 2308 1232 2388 fractique
1264 2308 1463 2369 enervi
1496 2326 1748 2387 corpore
1776 2326 2017 2387 gressus
2299 2320 2357 2370 25

455 2402 514 2453 et
541 2393 655 2454 laxi
685 2393 881 2454 crines
910 2401 971 2453 et
999 2401 1088 2454 tot
1117 2411 1265 2454 nova
1299 2393 1541 2453 nomina
1570 2392 1767 2466 vestis»,

452 2495 721 2556 quaeque
752 2477 939 2538 virum
971 2486 1288 2556 quaerunt.
1350 2495 1491 2538 ecce
1524 2477 1679 2537 Afris
1709 2485 1877 2538 eruta
1908 2477 2085 2538 terris

454 2562 703 2642 ponitur
732 2579 800 2622 ac
829 2562 1074 2624 maculis
1103 2563 1366 2623 imitatur
1396 2561 1566 2622 vilius
1595 2579 1807 2623 aurum
2301 2574 2359 2625 29

454 2646 635 2708 citrea
663 2665 868 2708 mensa
899 2665 1111 2727 greges
1139 2665 1447 2709 servorum
1479 2656 1827 2726 ostrumque
1857 2646 2158 2720 renidens,
2302 2659 2360 2709 28

454 2749 604 2810 quae
629 2750 871 2794 sensum
895 2732 1103 2793 trahat.
1148 2733 1263 2793 hoc
1285 2732 1486 2793 sterile
1511 2751 1579 2793 ac
1611 2734 1761 2793 male
1793 2732 1992 2793 nobile
2022 2732 2252 2812 lignum
2302 2744 2360 2794 30

454 2817 625 2877 turba
658 2817 885 2897 sepulta
917 2835 1084 2877 mero
1115 2817 1336 2878 circum
1367 2817 1547 2891 venit,
1579 2818 1895 2897 omniaque
1925 2817 2087 2879 orbis

455 2901 714 2981 praemia
745 2902 1044 2982 corruptis
1073 2902 1241 2963 miles
1272 2920 1449 2981 vagus
1480 2903 1662 2964 esurit
1688 2903 1884 2964 armis.

457 2986 767 3065 ingeniosa
797 2986 932 3065 gula
963 2995 1070 3048 est.
1133 2986 1333 3048 Siculo
1363 3005 1568 3048 scarus
1599 3006 1857 3066 aequore
1888 3005 2118 3048 mersus

458 3073 529 3132 ad
558 3089 826 3133 mensam
855 3072 1019 3133 vivus
1048 3071 1412 3151 perducitur,
1445 3081 1619 3151 atque
1652 3071 1924 3133 Lucrinis

454 3164 620 3217 eruta
648 3156 922 3218 litoribus
951 3158 1217 3218 vendunt
1243 3156 1550 3237 conchylia
1580 3175 1775 3231 cenas,
2302 3165 2360 3214 35

457 3250 523 3302 ut
551 3250 842 3302 renovent
882 3260 994 3321 per
1023 3241 1234 3302 damna
1266 3242 1499 3302 famem.
1559 3241 1674 3302 iam
1708 3241 1989 3303 Phasidos
2018 3241 2177 3301 unda

457 3325 663 3387 orbata
696 3336 785 3388 est
814 3327 1037 3399 avibus»,
1068 3335 1353 3405 mutoque
1382 3327 1443 3387 in
1478 3326 1651 3387 litore
1681 3335 1911 3387 tantum

456 3411 615 3472 solae
645 3410 893 3473 desertis
922 3411 1225 3490 adspirant
1253 3411 1567 3472 frondibus
1597 3429 1793 3471 aurae.

461 3515 582 3557 nec
601 3496 802 3557 minor
831 3496 892 3557 in
938 3514 1147 3576 campo
1178 3497 1346 3557 furor
1376 3505 1484 3569 est,
1516 3496 1817 3576 emptique
1848 3492 2112 3565 Quirites

458 3581 530 3642 ad
561 3580 838 3661 praedam
868 3581 1300 3661 strepitumque
1330 3580 1482 3642 lucri
1512 3581 1787 3660 suffragia
1817 3586 2075 3640 vertunt.
2303 3588 2363 3638 40

456 3665 678 3727 venalis
707 3666 987 3746 populus,
1017 3666 1237 3728 venalis
1267 3666 1430 3727 curia
1462 3673 1716 3745 patrum,

459 3834 492 3884 9
527 3846 804 3900 epyrecum
831 3833 851 3901 ΙΙ
880 3836 937 3886 11
965 3834 1256 3885 accusatius
1294 3832 1361 3882 0.·
1396 3831 1648 3883 Numidae
1684 3833 1881 3882 crustas
1907 3829 2152 3895 Scaliger
2176 3828 2197 3894 ΙΙ
2224 3830 2287 3881 14
2311 3830 2448 3880 circo

287 3899 348 3950 ΙΙ.
385 3898 735 3968 Stephanus}
766 3905 826 3955 17
865 3907 1035 3953 aerata
1073 3900 1477 3952 Brouckltusius
1509 3899 1529 3966 ΙΙ
1575 3902 1639 3953 19
1676 3899 1809 3950 facta
1844 3898 2190 3950 Burmannus
2214 3893 2234 3964 ΙΙ
2261 3898 2323 3949 21
2362 3910 2449 3947 ex-

286 3970 504 4035 actaque
546 3969 587 4019 0
626 3967 647 4039 Ι]
692 3971 758 4021 22
802 3969 1010 4021 mobilis
1059 3970 1230 4021 codex
1276 3967 1630 4018 Monacensis.
1696 3971 1829 4033 puto
1874 3966 2065 4017 nubilis
2112 3968 2120 4029 1
2169 3978 2298 4014 aevo
2340 3964 2381 4014 0
2425 3962 2446 4027 ΙΙ

288 4035 351 4088 29
386 4036 581 4089 vilibus
608 4035 629 4105 ΙΙ
653 4038 721 4091 28
755 4052 906 4089 aurea
934 4037 955 4103 fl
978 4039 1043 4089 30
1067 4034 1312 4105 trahantss
1341 4037 1406 4087 32
1432 4036 1680 4103 correptis
1713 4034 1722 4103 Ι
1752 4034 1943 4087 extruit
1977 4032 2228 4085 nonnulli
2260 4046 2332 4081 ex
2353 4031 2394 4081 0
2425 4026 2446 4094 Ε

289 4104 351 4154 37
389 4109 599 4157 cantum
636 4105 934 4156 Palma-ius
