2881 4580
444 261 521 321 18
1355 259 1661 315 PETRoNn

441 436 700 497 frontem
745 432 1010 496 sudantis
1051 433 1281 494 acaciae
1325 433 1465 506 rivi,
1511 442 1570 494 et
1612 433 1768 494 inter
1810 452 1987 513 rugas
2030 433 2314 495 malarum
2359 443 2592 497 tantum
2624 444 2673 495 L

342 523 425 584 24
447 529 574 582 erat
600 527 831 593 cretae,
878 528 944 580 ut
971 526 1208 598 putares
1237 519 1536 580 detectum
1567 519 1851 598 parietem
1883 518 2084 580 nimbo
2115 519 2401 581 laborare.
2465 539 2590 582 non

447 605 614 668 tenui
642 623 753 684 ego
781 604 1001 665 diutius
1030 602 1329 676 lacrima5‚
1373 603 1476 664 sed
1521 602 1590 664 ad
1635 603 1899 664 ultimam
1931 604 2252 684 perductus
2295 605 2593 667 tristitiam

438 689 694 771 ‘quaeso'
727 690 968 769 inquam
993 688 1270 763 ‘domina‚
1297 697 1456 749 certe
1480 687 1911 749 embasicoetan
1939 689 2191 751 iusseras
2214 689 2376 750 dari'.
2425 708 2589 751 com-

437 775 614 856 plosit
657 774 755 836 illa
798 774 1061 835 tenerius
1108 792 1317 834 manus
1361 783 1419 834 et
1452 772 1526 833 ‘o'
1556 773 1751 852 inquit
1794 773 2110 834 ‘hominem
2144 784 2378 836 acutum
2411 783 2589 854 atque
2632 787 2667 836 5

437 860 785 922 urbanitatis
813 858 1162 920 vernaculae
1192 859 1436 919 fontem.
1496 855 1683 935 quid?
1715 867 1776 919 tu
1811 877 1931 919 non
1965 858 2352 933 intellexeraS‚
2391 860 2590 921 cinae-

437 945 576 1006 dum
609 944 1037 1006 embasicoetan
1068 943 1264 1004 vocari
1279 941 1328 1004 ‘l’
1389 942 1603 1004 deinde
1647 953 1714 1004 ut
1758 943 2171 1004 contubernali
2215 963 2347 1004 meo
2381 945 2591 1006 melius

435 1029 805 1102 succederet,
853 1033 979 1108 ‘per
1023 1027 1214 1090 fidem’
1259 1028 1502 1108 inquam
1546 1034 1849 1101 ‘vestram‚
1895 1029 2162 1108 Ascyltos
2204 1030 2264 1090 in
2312 1030 2425 1091 hoc
2469 1030 2578 1090 tri-

436 1115 615 1177 clinio
646 1113 808 1176 solus
839 1114 1013 1175 ferias
1043 1111 1220 1193 agit‘P
1282 1112 1398 1174 ‘ita’
1444 1112 1638 1193 inquit
1668 1113 1950 1184 Quartilla
1997 1119 2075 1174 ‘et
2103 1113 2336 1194 Ascylto
2383 1114 2586 1175 emba-

436 1200 686 1261 sicoetas
715 1197 925 1260 detur'.
971 1198 1042 1259 ab
1076 1200 1183 1259 hac
1205 1217 1347 1260 voce
1379 1216 1598 1276 equum
1629 1198 1908 1259 cinaedus
1946 1199 2189 1259 mutavit
2218 1199 2588 1279 transituque
2633 1209 2697 1261 10

438 1285 510 1346 ad
542 1284 816 1345 comitem
847 1302 1045 1344 meum
1089 1285 1242 1344 facto
1287 1283 1563 1344 clunibus
1607 1301 1741 1343 eum
1785 1282 2081 1362 basiisque
2112 1283 2378 1344 distrivit.
2418 1282 2429 1365 Ι
2466 1293 2584 1345 sta-
2603 1299 2703 1350 Lo

439 1370 540 1431 bat
581 1370 739 1430 inter
781 1369 926 1429 haec
956 1369 1131 1430 Giton
1164 1378 1222 1429 et
1253 1369 1375 1430 risu
1407 1367 1762 1429 dissolvebat
1793 1366 1886 1428 ilia
1932 1386 2053 1429 sua.
2116 1368 2315 1448 itaque
2348 1369 2588 1449 conspi-

442 1464 567 1517 cata
599 1473 734 1516 eum
765 1453 1070 1527 Quartilla,
1100 1454 1268 1514 cuius
1298 1461 1453 1514 esset
1481 1470 1660 1532 puer,
1706 1452 2146 1530 diligentissima
2189 1453 2587 1515 sciscitatione

444 1540 744 1620 quaesivit.
806 1556 942 1600 cum
986 1557 1096 1616 ego
1138 1539 1379 1598 fratrem
1424 1555 1623 1598 meum
1669 1555 1795 1599 esse
1826 1537 2129 1611 dixissem,
2176 1542 2377 1617 ‘quare
2421 1537 2583 1617 ergo’

443 1625 639 1704 inquit
683 1630 795 1685 ‘me
843 1643 963 1684 non
1011 1620 1316 1683 basiavit‘l'
1377 1633 1762 1701 vocatumque
1805 1623 1875 1683 ad
1911 1642 1977 1684 se
2010 1623 2069 1683 in
2103 1623 2369 1683 osculum
2400 1624 2590 1702 appii·
2638 1634 2701 1685 15

443 1710 585 1771 cuit.
645 1727 781 1770 mox
811 1726 1051 1768 manum
1083 1708 1256 1768 etiam
1286 1706 1518 1768 demisit
1548 1707 1607 1767 in
1640 1708 1838 1768 sinum
1867 1716 1928 1768 et
1957 1716 2313 1787 pertrectato
2357 1707 2590 1770 vasculo

443 1804 563 1856 tam
593 1793 725 1854 rudi
761 1792 941 1853 ‘haec'
979 1792 1172 1871 inquit
1206 1792 1378 1853 ‘belle
1415 1810 1546 1853 cras
1574 1792 1636 1852 in
1662 1791 2020 1871 promulside
2052 1792 2310 1855 libidinis
2354 1803 2592 1855 nostrae

446 1877 747 1951 militabit3
780 1878 953 1938 hodie
985 1877 1142 1937 enim
1176 1886 1310 1956 post
1336 1876 1581 1938 asellum
1612 1877 1790 1938 diaria
1824 1896 1945 1938 non
1976 1877 2187 1939 sumo!

344 1961 427 2023 25
616 1981 749 2023 cum
780 1963 926 2023 haec
955 1962 1206 2036 diceret,
1237 1960 1324 2027 ,ad
1365 1980 1566 2022 aurem
1597 1962 1723 2023 eius
1753 1963 1976 2042 Psyche
2008 1962 2207 2024 ridens
2238 1964 2500 2037 accessit,
2532 1972 2592 2024 et

449 2067 583 2110 cum
614 2048 853 2109 dixisset
884 2047 1084 2109 nescio
1118 2045 1289 2126 quid,
1338 2046 1460 2119 ‘ita‚
1506 2046 1602 2108 ita'
1645 2047 1841 2127 inquit
1869 2046 2154 2117 Quartilla
2187 2048 2359 2110 ‘bene
2388 2050 2593 2110 admo·
2639 2059 2702 2110 20

449 2133 646 2194 nuisti.
707 2150 814 2193 cur
846 2151 995 2207 non,
1041 2131 1520 2210 quiabellissima
1567 2132 1793 2192 occasio
1840 2140 1961 2204 est,
2006 2132 2403 2211 devirginatur
2435 2134 2591 2194 Pan-

449 2218 652 2300 nychis
696 2215 961 2278 nostra‘l'
1020 2217 1423 2297 continuoque
1471 2218 1754 2297 producta
1798 2225 1887 2277 est
1928 2217 2124 2297 puella
2168 2218 2307 2280 satis
2352 2217 2499 2279 bella
2532 2227 2594 2279 et

449 2323 599 2383 quae
631 2323 751 2364 non
787 2303 919 2383 plus
950 2321 1122 2383 quam
1154 2312 1379 2382 septem
1410 2321 1601 2363 annos
1629 2302 1847 2364 habere
1876 2302 2197 2376 videbatur,
2230 2299 2334 2386 [et]
2366 2322 2431 2364 ea
2464 2304 2592 2384 ipsa

449 2407 600 2469 quae
643 2389 895 2469 primum
944 2407 1080 2449 cum
1104 2387 1385 2460 Quartilla
1429 2389 1490 2447 in
1538 2387 1742 2448 cellam
1784 2394 2027 2449 venerat
2070 2400 2350 2449 nostram.
2421 2389 2591 2468 plau-

449 2474 723 2535 dentibus
767 2492 908 2552 ergo
956 2473 1241 2534 universis
1284 2481 1344 2533 et
1373 2472 1807 2552 postulantibus
1837 2473 2073 2552 nuptias
2118 2469 2436 2555 [fecerunt]
2482 2473 2594 2535 ob·
2639 2484 2701 2533 25

448 2559 649 2639 stupui
693 2577 802 2637 ego
847 2566 906 2618 et
949 2577 1060 2618 nec
1104 2556 1348 2630 Gitona,
1395 2557 1955 2618 verecundissimum
1989 2576 2274 2637 puerum,
2319 2560 2593 2620 sufficere

449 2643 587 2705 huic
616 2642 974 2723 petulantiae
1005 2642 1314 2714 affirmavi,
1348 2660 1459 2702 nec
1489 2641 1745 2721 puellam
1777 2642 1902 2703 eius
1932 2642 2135 2703 aetatis
2166 2661 2324 2715 esse,
2365 2652 2431 2705 ut
2458 2662 2592 2704 mu-

450 2727 650 2789 liebris
694 2727 1008 2807 patientiae
1051 2726 1239 2805 legem
1284 2736 1486 2805 posset
1542 2728 1827 2806 accipere.
1911 2726 2026 2787 ‘ita'
2072 2727 2267 2806 inquit
2310 2728 2591 2798 Quartilla

452 2813 669 2874 ‘minor
697 2819 783 2873 est
813 2812 952 2884 ista,
997 2829 1172 2888 quam
1206 2830 1314 2890 ego
1345 2812 1463 2885 fui,
1509 2830 1644 2872 cum
1685 2812 1941 2893 primum
1986 2812 2173 2873 virum
2217 2831 2387 2891 passa
2416 2811 2593 2874 sum?

451 2898 744 2959 Iunonem
775 2914 962 2956 meam
991 2895 1198 2957 iratam
1227 2896 1503 2970 habeam,
1553 2897 1602 2958 si
1643 2915 1903 2975 unquam
1957 2916 2051 2958 me
2081 2898 2445 2959 meminerim
2478 2898 2595 2958 vir·
2640 2909 2703 2960 30

451 2983 650 3062 ginem
682 2981 878 3042 fuisse.
937 2999 1072 3041 nam
1106 2989 1165 3041 et
1194 2981 1390 3042 infans
1421 3000 1554 3042 cum
1589 2981 1827 3060 paribus
1858 2982 2133 3042 inclinata
2164 3000 2292 3043 sum
2312 3028 2328 3057 ‚
2359 2992 2418 3044 et
2445 2983 2592 3044 sub-

454 3068 592 3128 inde
624 3066 1079 3145 procedentibus
1121 3066 1294 3128 annis
1338 3066 1658 3127 maioribus
1701 3085 1796 3126 me
1839 3066 2040 3145 pueris
2068 3067 2355 3146 applicui,
2401 3067 2593 3128 donec

451 3152 525 3212 ad
567 3152 722 3212 hanc
762 3159 1011 3211 aetatem
1055 3151 1314 3230 perveni.
1375 3152 1516 3212 hinc
1560 3151 1733 3212 etiam
1778 3162 1921 3230 puto
1968 3152 2344 3231 proverbium
2388 3162 2592 3213 natum

453 3236 626 3310 illud,
674 3233 764 3319 [ut
791 3232 1038 3317 dicatur]
1070 3255 1242 3316 posse
1286 3245 1520 3296 taurum
1566 3235 1803 3307 tollere,
1847 3237 1949 3314 qui
1981 3236 2225 3298 vitulum
2254 3237 2594 3299 sustulerit!

456 3322 635 3401 igitur
665 3340 738 3382 ne
769 3321 1051 3381 maiorem
1095 3320 1365 3382 iniuriam
1411 3321 1473 3381 in
1506 3329 1735 3381 secreto
1781 3323 1960 3382 frater
1988 3322 2284 3401 acciperet
2344 3340 2596 3384 consur·
2642 3333 2704 3383 35

354 3404 436 3467 26
456 3406 581 3468 rexi
626 3407 694 3466 ad
727 3405 985 3467 osticium
1019 3405 1298 3484 nuptiale.
1358 3406 1474 3467 iam
1518 3401 1743 3486 Psyche
1787 3406 2013 3485 puellae
2060 3416 2238 3485 caput
2278 3407 2598 3469 involverat

456 3492 754 3564 flammeo,
800 3491 914 3552 iam
946 3490 1364 3552 embasicoetas
1394 3490 1768 3570 praeferebat
1811 3492 1995 3553 facem
2018 3536 2034 3565 ‚
2078 3491 2193 3551 iam
2238 3491 2434 3552 ebriae
2463 3509 2597 3552 mu-

454 3576 628 3637 lieres
672 3575 916 3655 longum
958 3593 1168 3653 agmen
1212 3575 1558 3654 plaudentes
1603 3576 1867 3636 fecerant
1907 3576 2343 3655 thalamumque
2373 3577 2599 3638 incesta

458 3668 887 3721 exornaverant
947 3668 1135 3733 veste,
1195 3678 1327 3721 cum
1375 3660 1658 3730 Quartilla
1716 3679 1951 3739 quoque
1994 3661 2313 3721 iocantium
2355 3661 2597 3723 libidine

627 3811 657 3862 6
692 3810 934 3862 vernulae
956 3810 975 3876 fl
1004 3813 1032 3862 7
1071 3814 1146 3874 ut]
1172 3826 1236 3863 ne
1269 3810 1548 3862 Goldastus
1571 3810 1591 3878 ΙΙ
1618 3813 1684 3863 24
1707 3813 1917 3862 venerat
1941 3810 1991 3861 in
2017 3814 2242 3862 nostram
2266 3811 2445 3863 cellam
2466 3828 2601 3878 pars

457 3878 715 3929 librorum
748 3876 768 3946 ΙΙ
807 3881 868 3931 31
907 3878 1168 3945 inquinata
1192 3879 1211 3944 ΙΙ
1239 3881 1304 3931 32
1341 3877 1706 3945 prodeuntibus
1741 3878 1760 3945 ΙΙ
1799 3880 1863 3931 33
1902 3883 2074 3929 natum
2110 3886 2234 3944 puto
2273 3880 2599 3946 proverbium

455 3945 582 3997 illud
619 3947 787 3997 codex
816 3945 1234 4013 Traguriensisll
1261 3950 1327 3999 34
1350 3951 1406 3998 ut
1430 3946 1627 3998 dicatur
1661 3962 1768 3997 non
1803 3950 1882 3996 est
1913 3949 1972 3997 in
1996 3946 2040 3997 L
2066 3946 2084 4012 ΙΙ
2110 3949 2176 3999 39
2213 3953 2319 3999 tum
2351 3948 2360 4014 Ι
2392 3963 2599 4015 quoque

457 4014 602 4079 quod
634 4015 734 4065 alii
769 4015 899 4065 libri
924 4020 1052 4081 post
1085 4015 1360 4067 iocantium
1390 4030 1618 4080 posuere
1650 4015 2030 4079 interpolatum
2065 4015 2278 4065 videtur
