2881 4580
444 277 524 336 38
1384 275 1694 330 PETRONII

442 450 620 512 habui
663 468 1004 529 nunquam3
1050 466 1226 510 nemo
1257 449 1400 510 mihi
1429 450 1492 511 in
1523 451 1653 511 foro
1684 449 1829 511 dixit
1858 449 2109 523 “redde‚
2156 451 2312 528 quod
2359 449 2600 511 debes’'.
2624 462 2676 512 Η

440 535 707 613 glebulas
737 536 850 596 emi
868 582 883 609 ,
929 534 1248 595 lamelullas
1279 534 1507 613 paravi3
1551 534 1757 613 viginti
1798 543 2035 597 ventres
2061 552 2239 614 pasco
2271 543 2331 596 et
2357 553 2601 611 canem;

440 619 931 682 contubernalem
974 637 1166 681 meam
1208 618 1469 692 redemi,
1517 638 1595 681 ne
1632 619 1765 698 quis
1793 618 1855 680 in
1887 623 2023 681 sinu
2053 619 2208 681 illius
2236 638 2448 683 manus
2475 630 2600 681 ter·

440 699 636 785 geret}
679 705 836 766 mille
880 704 1154 768 denarios
1196 722 1304 784 pro
1349 705 1542 784 capite
1584 705 1758 779 solvi3
1802 704 1956 765 sevir
1996 705 2177 783 gratis
2212 706 2403 766 factus
2430 723 2597 781 sum;

440 808 615 871 spero
634 837 649 865 ,
680 791 765 851 sic
795 791 1044 861 moriar,
1074 799 1141 850 ut
1168 799 1440 851 mortuus
1472 808 1593 851 non
1627 789 1994 851 erubescam.
2037 799 2102 852 tu
2133 796 2330 851 autem
2360 797 2482 851 tam
2511 790 2598 851 la·
2643 808 2677 855 5

438 875 712 938 boriosus
740 893 838 950 es,
872 885 937 937 ut
965 884 1102 955 post
1128 883 1186 935 te
1218 893 1342 935 non
1374 872 1695 952 respicias?
1727 875 1789 935 in
1819 874 1934 936 alio
1964 874 2278 953 peduclum
2309 875 2503 949 vides,
2534 877 2593 936 in

437 970 498 1026 te
541 961 795 1022 ricinum
841 978 964 1022 non
1010 960 1190 1021 vides.
1255 959 1363 1021 tibi
1405 959 1517 1021 soli
1562 959 1787 1021 ridiclei
1823 959 2120 1035 videmur-3
2150 978 2291 1022 ecce
2319 960 2599 1040 magister

438 1056 607 1118 tuus,
653 1045 830 1106 homo
877 1044 1066 1105 maior
1109 1050 1313 1106 natus:
1359 1045 1660 1124 placemus
1691 1044 1792 1105 illi.
1853 1053 1919 1105 tu
1951 1045 2325 1107 lacticulosus
2351 1064 2463 1107 nec
2492 1064 2597 1107 mu

440 1149 551 1191 nec
581 1148 675 1190 ma
704 1138 971 1208 argutas,
1016 1148 1185 1192 vasus
1216 1129 1440 1202 fictilis,
1472 1130 1653 1191 immo
1683 1130 1850 1191 lorus
1878 1129 1941 1191 in
1971 1148 2151 1208 aqua,
2191 1130 2438 1203 lentior,
2469 1150 2594 1193 non

441 1215 666 1276 melior.
726 1225 792 1276 tu
835 1213 1065 1276 beatior
1106 1232 1199 1288 es;
1245 1214 1335 1277 bis
1377 1215 1637 1295 prande,
1683 1214 1774 1276 bis
1816 1232 1983 1276 cena.
2042 1233 2153 1294 ego
2197 1216 2371 1277 fidem
2401 1234 2594 1277 meam
2643 1232 2703 1284 lo

437 1301 592 1361 malo
623 1318 802 1379 quam
845 1299 1170 1362 thesauros.
1214 1299 1286 1359 ad
1316 1317 1607 1362 summam
1627 1347 1642 1370 ,
1687 1300 2001 1378 quisquam
2032 1318 2125 1361 me
2154 1300 2246 1362 bis
2274 1299 2593 1381 poposcit?

437 1385 611 1447 annis
653 1386 1040 1464 quadraginta
1084 1385 1322 1461 servivi;
1373 1403 1548 1445 nemo
1593 1394 1786 1445 tamen
1825 1385 1990 1458 sciit,
2037 1394 2236 1447 utrum
2265 1404 2468 1447 servus
2499 1405 2597 1448 es-

435 1489 557 1532 sem
604 1489 678 1531 an
724 1469 893 1532 liber.
955 1479 1014 1532 et
1040 1489 1191 1549 puer
1236 1469 1544 1549 capillatus
1574 1469 1635 1531 in
1667 1469 1822 1531 hanc
1865 1470 2160 1531 coloniam
2189 1471 2356 1544 veni3
2401 1470 2593 1533 adhuc

436 1555 668 1617 basilica
713 1575 836 1617 non
880 1563 1006 1617 erat
1032 1556 1200 1616 facta.
1262 1554 1395 1616 dedi
1424 1564 1623 1616 tamen
1656 1572 1925 1634 operam,
1971 1563 2038 1616 ut
2067 1555 2308 1616 domino
2337 1556 2476 1617 satis
2504 1557 2593 1617 fa-

435 1658 664 1713 cerem,
708 1640 936 1702 homini
979 1640 1245 1702 maiiesto
1288 1649 1346 1700 et
1375 1639 1736 1719 dignitosso,
1782 1640 1952 1702 cuius
1982 1641 2170 1721 pluris
2199 1650 2324 1702 erat
2352 1642 2589 1720 unguis,
2637 1654 2701 1704 15

434 1744 611 1805 quam
638 1735 704 1787 tu
732 1734 895 1787 totus
925 1744 1007 1786 es.
1075 1734 1137 1786 et
1163 1723 1452 1785 habebam
1484 1725 1548 1786 in
1581 1723 1757 1786 domo
1776 1771 1792 1799 ,
1837 1725 1940 1804 qui
1971 1725 2114 1787 mihi
2145 1726 2358 1806 pedem
2403 1745 2594 1807 oppo-

435 1820 649 1871 nerent
689 1811 800 1871 hac
831 1810 990 1883 illac;
1037 1817 1235 1872 tamen
1269 1843 1350 1855 --
1382 1811 1561 1890 genio
1591 1809 1748 1872 illius
1776 1811 1993 1889 gratias
2024 1844 2107 1855 -—
2139 1809 2386 1872 enatavi.
2445 1812 2592 1873 haec

434 1904 574 1957 sunt
615 1913 752 1955 vera
793 1894 980 1970 atltla3
1027 1912 1164 1955 nam
1194 1888 1304 1979 [in]
1334 1895 1664 1974 ingenuum
1708 1896 1869 1957 nasci
1914 1904 2033 1956 tam
2076 1896 2246 1957 facile
2290 1904 2382 1958 est
2413 1914 2591 1974 quam

435 1978 689 2042 “accede
717 1980 924 2041 istoc’'.
988 1980 1130 2058 quid
1160 1998 1324 2042 nunc
1353 1989 1559 2060 stupes
1587 1990 1870 2059 tanquam
1902 1979 2103 2043 hircus
2131 1981 2194 2042 in
2227 1980 2424 2042 ervilia
2440 1978 2490 2041 ‘P'

331 2067 411 2130 58
600 2073 737 2144 post
765 2064 880 2126 hoc
906 2064 1131 2126 dictum
1161 2065 1338 2126 Giton
1356 2112 1371 2140 ,
1417 2066 1522 2145 qui
1550 2066 1622 2127 ad
1653 2067 1834 2144 pedes
1862 2066 2083 2140 stabat,
2128 2066 2312 2127 risum
2343 2066 2459 2127 iam
2489 2066 2592 2128 diu
2635 2078 2698 2129 m

430 2168 836 2229 compressum
882 2151 1054 2211 etiam
1099 2149 1447 2212 indecenter
1489 2150 1711 2212 effudit.
1772 2151 1930 2230 quod
1974 2169 2109 2212 cum
2147 2150 2589 2213 animadvertis·

430 2244 520 2297 set
549 2234 913 2298 adversarius
941 2236 1195 2316 Ascylti,
1238 2235 1400 2298 flexit
1426 2235 1760 2298 convicium
1789 2237 1853 2298 in
1883 2253 2137 2316 puerum
2167 2243 2227 2298 et
2256 2241 2341 2299 ‘tu
2371 2236 2589 2299 autem'

429 2321 624 2401 inquit
653 2322 846 2383 ‘etiam
878 2333 944 2383 tu
974 2322 1161 2395 rides,
1207 2339 1389 2403 caepa
1417 2319 1676 2384 cirrata?
1719 2322 1777 2383 io
1807 2321 2171 2395 Saturnalia,
2207 2341 2386 2401 rogo,
2416 2340 2590 2384 men-

427 2407 507 2468 sis
532 2407 845 2468 december
874 2405 1007 2469 est?
1064 2407 1302 2486 quando
1328 2407 1666 2470 vicesimam
1699 2404 2073 2469 numerasti?
2327 2407 2469 2487 quid
2500 2408 2587 2467 fa-

429 2492 569 2566 ciat,
601 2492 793 2554 crucis
824 2493 989 2564 offla,
1035 2509 1348 2553 corvorum
1382 2492 1622 2554 cibaria.
1668 2492 1912 2564 curabo,
1943 2493 2056 2553 iam
2085 2492 2194 2553 tibi
2222 2491 2374 2554 lovis
2402 2492 2591 2554 iratus
2633 2505 2691 2555 25

427 2577 518 2651 sit,
550 2587 612 2639 et
637 2577 733 2639 isti
763 2577 865 2655 qui
895 2577 1002 2638 tihi
1033 2596 1157 2639 non
1188 2577 1457 2655 imperat.
1502 2577 1582 2638 ita
1614 2586 1778 2638 satur
1804 2595 1961 2657 pane
1990 2578 2124 2638 fiam
2144 2623 2159 2651 ,
2196 2586 2262 2638 ut
2291 2595 2399 2657 ego
2429 2577 2588 2639 istud

426 2661 757 2723 conliberto
801 2680 935 2722 meo
982 2661 1175 2735 dono;
1221 2661 1483 2740 alioquin
1530 2660 1644 2721 iam
1683 2660 1790 2722 tibi
1820 2663 2360 2742 depraesentiarum
2391 2663 2588 2725 reddi-

425 2747 660 2808 dissem.
720 2746 875 2806 bene
904 2764 1016 2807 nos
1046 2745 1345 2818 habemus,
1385 2756 1447 2806 at
1475 2747 1571 2807 isti
1599 2764 1813 2825 nugae,
1844 2747 1945 2825 qui
1975 2747 2082 2809 tihi
2111 2766 2235 2808 non
2266 2748 2586 2827 imperant.

424 2831 600 2910 plane
643 2830 833 2909 qualis
875 2830 1178 2902 dominus,
1224 2831 1354 2892 talis
1397 2839 1458 2891 et
1501 2849 1721 2893 servus.
1781 2832 1876 2892 vix
1917 2851 2016 2893 me
2051 2842 2260 2904 teneo,
2308 2851 2421 2894 nec
2450 2851 2586 2895 sum

428 2924 637 2976 natura
683 2914 1168 2989 caldicerebrius,
1211 2916 1309 2977 sed
1351 2935 1487 2977 cum
1533 2913 1735 2996 coepi,
1780 2926 2029 2979 matrem
2072 2936 2263 2979 meam
2292 2917 2584 2998 dupundii
2629 2930 2688 2981 30

426 3018 549 3060 non
582 2999 754 3061 facio.
812 3009 1007 3072 recte,
1054 3000 1261 3061 videbo
1289 3010 1347 3061 te
1377 3001 1438 3061 in
1472 3000 1808 3081 publicum,
1854 3020 2018 3075 mus,
2057 3002 2235 3072 immo
2265 3012 2459 3064 terrae
2487 3013 2580 3065 tu-

426 3084 565 3145 ber:
610 3102 723 3145 nec
762 3103 1001 3146 sursum
1045 3104 1158 3147 nec
1187 3084 1464 3147 deorsum
1497 3106 1619 3148 non
1653 3105 1886 3162 cresco,
1934 3087 2048 3150 nisi
2076 3088 2382 3150 dominum
2413 3098 2583 3149 tuum

426 3170 485 3230 in
521 3179 686 3231 rutae
716 3170 923 3231 folium
949 3166 1122 3253 [non]
1154 3172 1498 3246 coniecero,
1533 3190 1644 3232 nec
1674 3172 1782 3233 tibi
1811 3190 2075 3252 parsero,
2105 3173 2243 3234 licet
2270 3173 2584 3235 mehercu-

425 3256 510 3316 les
544 3254 737 3317 lovem
769 3254 1105 3335 Olympium
1151 3255 1384 3318 clames.
1446 3255 1702 3331 curabo,
1746 3257 1926 3337 longe
1969 3257 2076 3318 tibi
2104 3257 2180 3319 sit
2210 3258 2440 3319 comula
2469 3257 2584 3320 ista

424 3340 636 3403 besalis
692 3349 750 3401 et
802 3340 1079 3401 dominus
1121 3341 1590 3421 dupunduarius.
1663 3351 1854 3416 recte,
1910 3343 2112 3404 venies
2155 3342 2266 3404 sub
2310 3345 2582 3405 dentem:
2630 3356 2684 3406 35

423 3435 524 3487 aut
564 3444 677 3504 ego
723 3444 845 3486 non
892 3443 987 3486 me
1032 3426 1201 3498 novi,
1247 3435 1347 3487 aut
1377 3446 1501 3488 non
1536 3427 1860 3501 deridebis,
1904 3427 2042 3490 licet
2069 3427 2310 3490 barbam
2342 3446 2582 3490 auream

422 3510 657 3572 habeas.
715 3510 944 3571 Athana
974 3511 1080 3572 tibi
1110 3511 1256 3572 irata
1287 3512 1391 3584 sit,
1435 3512 1691 3584 curabo,
1738 3520 1798 3573 et
1829 3512 1931 3591 qui
1962 3522 2020 3573 te
2051 3513 2279 3593 primus
2321 3512 2583 3575 deurode

422 3594 582 3655 fecit.
643 3614 766 3657 non
811 3595 986 3657 didici
1030 3596 1416 3676 geometrias‚
1463 3596 1663 3657 critica
1708 3606 1768 3657 et
1808 3597 2028 3677 alogias
2058 3598 2316 3672 meniaS‚
2362 3599 2462 3660 sed
2495 3599 2582 3660 la-

421 3679 679 3760 pidarias
707 3680 905 3741 literas
932 3680 1086 3754 scio,
1130 3691 1329 3761 partes
1373 3692 1609 3743 centum
1641 3681 1774 3744 dico
1802 3684 1874 3744 ad
1904 3701 2034 3758 aes,
2081 3682 2154 3744 ad
2197 3683 2462 3763 pondus,
2509 3683 2581 3744 ad

567 3833 628 3882 15
665 3829 786 3881 mali
827 3830 929 3882 isto
967 3830 987 3897 ΙΙ
1022 3832 1086 3883 23
1126 3829 1299 3884 turdes
1345 3846 1470 3897 cepa
1516 3832 1700 3897 pirrata
1741 3849 1772 3884 o
1810 3833 1829 3899 ΙΙ
1865 3835 1931 3886 24
1984 3837 2241 3900 temptavi
2286 3832 2582 3894 numerasti,

423 3898 700 3964 stigmatia,
736 3898 900 3950 crucis
924 3897 945 3965 Ι
972 3900 1036 3951 28
1089 3904 1178 3950 aut
1214 3899 1296 3951 isti
1334 3914 1501 3966 geuge
1525 3904 1546 3968 ΙΙ
1572 3902 1637 3953 29
1673 3905 1788 3965 nec]
1825 3907 1877 3953 et
1903 3902 1923 3968 ΙΙ
1947 3903 2012 3955 30
2048 3900 2226 3954 caldus
2260 3901 2395 3954 cicer
2416 3900 2528 3953 eius
2562 3900 2583 3967 fl

423 3968 490 4020 32
532 3969 684 4030 [non]
720 3980 945 4018 crescam
980 3966 1341 4018 Hadrianides
1381 3967 1402 4033 ΙΙ
1436 3970 1501 4020 33
1538 3967 1758 4021 coniecit
1786 3968 1797 4037 Ι
1827 3983 1918 4035 par
1952 3985 2040 4022 ero
2079 3968 2099 4038 ΙΙ
2144 3972 2206 4022 37
2247 3970 2411 4022 latore
2443 3973 2582 4035 puto

416 4049 675 4098 graecum
711 4035 818 4086 tale
850 4033 1177 4087 eleutherode
1202 4034 1222 4100 ΙΙ
1248 4037 1314 4087 38
1351 4049 1516 4087 meras
1551 4036 1832 4088 Mmtoliuc
