2881 4580
325 568 412 619 583

327 940 414 992 584

329 1129 416 1180 585

332 1350 419 1401 586

338 1843 425 1895 588

338 2064 424 2116 589

348 2356 435 2406 590

343 2577 428 2628 591.

455 283 581 342 224
1194 281 1524 335 VARRONIS
1562 281 1936 335 MENIPPEAE

1412 455 1541 515 vul
1571 455 1657 532 (9)

659 548 1106 638 Ἐπικούρειος
1131 554 1297 633 θεὸς
1327 577 1452 619 uon
1478 568 1657 637 potest
1686 576 1827 618 esse:
1862 549 2014 621 οὔτε
2045 554 2243 634 αὐτὸς
2274 549 2606 642 πράγματ’

460 639 591 722 ἕχει
638 635 788 706 οὔτε
829 637 1057 718 ἄλλοις
1105 646 1415 728 παρέχεις
1460 641 1733 703 Stoicus?
1779 644 2058 724 quomodo
2096 654 2283 723 potest
2326 646 2614 706 rotundus

460 748 589 799 esse,
619 739 685 789 ut
714 734 796 791 ait
826 727 1025 801 Varro,
1057 734 1178 790 sine
1207 732 1403 809 capite,
1435 732 1558 789 sine
1584 731 1888 807 praeputio
1903 726 1936 788 Ρ

1392 846 1550 905 vnn
1580 847 1671 922 (1)

671 932 859 1011 capite
884 932 1183 1011 permulso

1459 1014 1508 1075 X
1540 1018 1626 1093 (7)

672 1116 1119 1200 ψαμμακόσιοι
1136 1136 1248 1197 pro
1271 1117 1472 1178 multis
1492 1115 1673 1178 Varro
1704 1137 1867 1199 saepe
1881 1123 1944 1179 in
1960 1116 2275 1198 Menippeis
2288 1123 2411 1181 suis
2422 1123 2615 1198 posuit

612 1425 646 1484 d
666 1340 1038 1419 proverbium
1068 1350 1348 1421 vetusquo
1376 1337 1557 1400 Varro
1587 1343 1778 1402 utitur
1798 1343 2056 1419 saepius:
2087 1339 2372 1400 fulmenta
2396 1339 2615 1401 lectum

465 1443 606 1485 scau
654 1435 763 1486 unt

1402 1506 1559 1569 ΧΠ*
1590 1515 1647 1581 (4

676 1611 950 1672 hercules
981 1611 1094 1671 iam
1127 1611 1189 1671 in
1222 1610 1442 1688 regiam
1474 1514 1674 1671 arcani
1701 1610 2147 1690 impancrarunt

1386 1729 1569 1789 XIII*
1600 1731 1688 1807 (2)

683 1850 801 1909 quo
834 1830 974 1890 mihi
1004 1849 1277 1903 somnos,
1309 1831 1356 1892 si
1389 1831 1665 1893 dormitio
1696 1830 1961 1893 tollitur?

1378 1948 1588 2010 XIIII*
1619 1952 1706 2029 (3)

679 2050 820 2130 quid
849 2049 1110 2111 mirum?
1155 2071 1226 2113 ex
1269 2053 1393 2131 agri
1437 2052 1896 2132 depolitionibus
1927 2053 2252 2124 eiciuntur,
2300 2050 2394 2110 hic
2427 2051 2489 2110 in
2525 2067 2623 2110 ce-

476 2137 686 2198 naculo
717 2136 901 2214 polito
933 2137 1303 2216 recipiuntur

1390 2239 1536 2300 xv*
1573 2240 1702 2319 (14)
1814 2223 1822 2232 ’

689 2350 797 2404 ‘est
826 2341 925 2402 ibi'
960 2343 1152 2421 inquit
1181 2343 1247 2403 ‘si
1280 2343 1540 2413 festinas,
1574 2342 1832 2421 pilleum'

1488 2460 1615 2520 XVI

685 2572 746 2625 et
774 2573 969 2623 tamen
1005 2582 1126 2623 non
1160 2563 1410 2623 demolio
1443 2573 1633 2624 rostra

650 2749 745 2800 583
785 2747 983 2798 Seneca
1018 2748 1382 2813 apocolocynt.
1403 2748 1452 2798 8.
1507 2747 1748 2797 Varroni
1782 2762 1920 2812 quae
1955 2749 2285 2810 tribuuntur,
2328 2761 2503 2811 prope
2540 2748 2629 2796 ab·

477 2820 606 2866 sunt
636 2818 702 2865 ab
737 2818 952 2865 senario
989 2813 1237 2866 rotondus
1273 2822 1367 2876 est,
1404 2817 1514 2865 sine
1552 2813 1737 2881 capite,
1775 2817 1885 2867 sine
1922 2812 2188 2881 praepi'itio
2218 2817 2236 2875 ΙΙ
2262 2815 2361 2867 584
2397 2815 2629 2865 Priscia-

479 2901 580 2934 nus
615 2883 677 2933 lx
710 2899 763 2948 p.
799 2884 897 2935 487
936 2882 1094 2934 Varro
1131 2884 1180 2933 in
1218 2891 1387 2934 satura
1424 2886 1443 2947 ΙΙ
1472 2885 1569 2935 585
1607 2882 1916 2934 Macrobius
1948 2888 2048 2934 sat.
2089 2881 2132 2932 V
2169 2884 2252 2945 20,
2292 2883 2370 2936 13.
2444 2881 2631 2943 confer

483 2954 578 3005 528
607 2952 625 3018 ΙΙ
651 2953 750 3004 586
786 2949 996 3001 Nonius
1035 2967 1088 3016 p.
1129 2952 1228 3004 206
1265 2950 1567 3002 fulmentum
1592 2949 1612 3017 ΙΙ
1640 2953 1736 3004 587
1774 2950 1842 3002 N.
1857 2966 1911 3015 p.
1934 2953 1998 3004 59
2024 2952 2338 3016 impancrare
2374 2950 2630 3003 invadere.

483 3020 642 3071 Varro
680 3019 947 3071 ecclesiam
985 3020 1034 3069 in
1071 3020 1212 3070 unde
1266 3020 1486 3069 titulum
1537 3026 1756 3070 saturae
1809 3020 2055 3083 Scaliger
2106 3016 2239 3080 fecit
2273 3016 2528 3070 Ecclesia:
2580 3021 2631 3070 in

480 3091 682 3154 (potuit
707 3084 848 3150 Ἐχω
885 3103 946 3137 σε
981 3092 1077 3137 aut
1112 3086 1372 3152 octogesi)
1403 3092 1410 3145 1
1444 3103 1609 3137 arcem
1651 3088 1787 3138 liber
1820 3087 1992 3138 Fabri
2017 3086 2037 3155 ΙΙ
2061 3089 2158 3140 588
2194 3085 2264 3139 Ν.
2294 3102 2352 3152 p.
2383 3088 2479 3140 100
2518 3086 2632 3139 dor-

483 3157 642 3208 mitio,
714 3155 874 3206 Varro
911 3154 1151 3221 Sexagesi
1190 3153 1282 3217 (fr.
1319 3157 1438 3216 485)
1492 3164 1543 3206 et
1580 3156 1680 3206 alio
1717 3156 1833 3206 loco
1889 3156 2050 3206 idem:
2111 3155 2232 3222 quid
2279 3155 2401 3206 mibi
2450 3170 2630 3207 somno

483 3228 709 3288 (somnos
733 3228 892 3286 unus)
919 3222 939 3291 ss
963 3225 1061 3277 589
1097 3223 1165 3275 N.
1194 3240 1250 3289 p.
1290 3226 1356 3276 66
1396 3224 1668 3290 politiones
1702 3223 1721 3291 ΙΙ
1759 3226 1857 3277 590
1888 3238 2118 3289 gramm.
2155 3224 2218 3274 de
2253 3224 2432 3275 dubiis
2466 3227 2633 3275 nomi-

483 3296 640 3344 nibus
659 3292 790 3357 xlp.
811 3293 908 3344 587
937 3291 1163 3357 pilleum.
1212 3295 1391 3358 recepi
1423 3308 1534 3342 non
1564 3295 1788 3357 propter
1811 3308 1993 3342 versus
2025 3293 2252 3358 speciem
2286 3292 2381 3342 sed
2405 3296 2635 3358 propter

482 3367 856 3427 argumentum
891 3376 955 3410 ac
987 3377 1279 3412 sermonem
1302 3359 1322 3429 ΙΙ
1349 3362 1446 3413 591
1488 3360 1769 3410 Diomedes
1781 3375 1838 3425 p.
1859 3363 1958 3413 400
1982 3358 2141 3411 Varro
2179 3361 2230 3411 in
2253 3360 2462 3428 poetico
2487 3360 2631 3412 libro.

483 3446 591 3481 non
628 3433 707 3480 est
741 3435 913 3479 tamen
950 3445 1162 3479 carmen
