2881 4580
1023 305 1640 360 APOCOLOCYNTOSIS
2280 308 2359 369 23
2371 310 2402 367 1

569 478 835 557 Ararque
866 478 1159 550 dubitans,
1193 497 1311 558 quo
1340 497 1482 540 suos
1512 498 1719 542 cursus
1751 489 1900 559 agat,

569 564 782 624 tacitus
812 564 1025 643 quietis
1056 563 1237 626 adluit
1268 565 1426 643 ripas
1457 564 1633 626 vadis.

570 659 737 710 estne
768 648 863 709 illa
894 649 1067 711 tellus
1095 649 1338 729 spiritus
1368 649 1540 710 altrix
1572 647 1725 711 tui?'

263 735 405 794 haec
435 733 576 795 satis
607 733 871 796 animose
915 744 973 795 et
1004 735 1264 807 fortiter,
1310 733 1493 795 nihilo
1523 735 1719 797 minus
1749 735 1964 797 mentis
1992 754 2131 797 suae
2164 754 2284 796 non
2319 746 2409 797 est

176 833 216 881 5
262 828 321 880 et
351 818 516 879 timet
544 819 770 901 μωροῦ
794 816 1069 904 πληγήν.
1123 819 1399 882 Claudius
1428 829 1496 880 ut
1524 820 1665 882 vidit
1692 821 1881 882 virum
1912 821 2224 892 valentem,
2258 821 2404 882 ohli-

262 915 358 965 tus
391 922 684 982 nugarum
713 904 1000 966 intellexit
1044 906 1340 966 neminem
1371 905 1594 967 Romae
1635 905 1747 968 sibi
1790 924 1991 986 parem
2036 906 2247 979 fuisse,
2292 906 2408 967 illic

263 1008 385 1052 non
432 988 654 1049 hahere
698 1007 761 1051 se
805 989 960 1051 idem
1000 990 1251 1069 gratiae:
1311 990 1529 1069 gallum
1573 992 1632 1052 in
1678 1011 1786 1053 suo
1831 990 2178 1070 sterquilino
2222 991 2406 1071 pluri-

261 1093 424 1135 mum
469 1093 664 1154 posse.
742 1074 938 1154 itaque
992 1086 1281 1155 quantum
1325 1074 1588 1153 intellegi
1636 1076 1855 1156 potuit,
1914 1077 2057 1137 haec
2113 1075 2269 1137 visus
2321 1085 2410 1138 est

263 1159 488 1220 dicere:
537 1164 666 1239 ‘ego
697 1169 774 1234 te,
810 1160 1125 1223 fortissime
1156 1160 1403 1222 deorum
1435 1160 1709 1235 Hercule,
1741 1161 1967 1242 speravi
1998 1161 2139 1221 mihi
2172 1160 2407 1222 adsutu-

148 1258 216 1309 m
259 1263 391 1306 rum
424 1243 579 1324 apud
610 1244 786 1318 alios,
817 1254 876 1306 et
904 1246 953 1307 si
986 1245 1086 1324 qui
1117 1263 1148 1306 a
1179 1265 1273 1307 me
1306 1257 1579 1306 notorem
1611 1247 1884 1325 petisset,
1927 1256 1986 1308 te
2018 1247 2099 1307 fui
2134 1247 2406 1307 nomina-

261 1341 463 1403 turuS,
502 1330 604 1408 qui
638 1348 730 1391 me
762 1330 982 1410 optime
1013 1331 1188 1393 nosti.
1249 1349 1383 1392 nam
1413 1331 1464 1392 si
1496 1331 1778 1392 memoria
1809 1332 2059 1411 repetis,
2105 1350 2214 1411 ego
2247 1350 2410 1392 eram

262 1416 364 1495 qui
394 1414 603 1476 Tiburi
647 1425 783 1476 ante
814 1415 1098 1496 templum
1144 1426 1311 1477 tuum
1353 1416 1448 1477 ius
1482 1415 1744 1479 dicebam
1788 1417 1926 1478 totis
1966 1416 2175 1479 diebus
2206 1435 2408 1478 mense

259 1500 410 1561 lulio
442 1510 503 1560 et
530 1501 817 1580 Augusto.
871 1512 935 1562 tu
967 1501 1098 1573 sciS‚
1133 1511 1427 1581 quantum·
1451 1501 1570 1562 illic
1593 1502 1958 1564 miseriarum
1983 1501 2239 1574 tulerim,
2269 1520 2408 1563 cum

262 1585 589 1648 causidicos
619 1586 880 1647 audirem
912 1587 1066 1648 diem
1111 1597 1170 1648 et
1199 1596 1467 1658 noctem,
1510 1586 1571 1647 in
1605 1606 1756 1666 quos
1783 1587 1832 1648 si
1864 1587 2200 1660 incidisses,
2243 1588 2406 1648 valde

155 1682 214 1735 25
260 1671 432 1732 fortis
461 1670 598 1730 licet
629 1670 734 1731 tibi
765 1671 1030 1745 videaris,
1064 1671 1372 1734 maluisses
1401 1672 1630 1733 cloacas
1659 1672 1893 1751 Augeae
1924 1691 2209 1752 purgare:
2254 1672 2406 1735 mul-

261 1766 323 1818 to
356 1757 490 1835 plus
520 1773 630 1834 ego
662 1758 940 1818 stercoris
970 1757 1229 1819 exhausi.
1287 1758 1389 1818 sed
1422 1758 1701 1836 quoniam
1734 1757 1894 1819 volo'

262 1931 408 1986 ‘non
440 1926 652 1987 mirum
678 1925 837 2004 quod
869 1926 929 1988 iu
955 1927 1177 1988 curiam
1210 1927 1498 2007 impetum
1529 1927 1748 1989 fecisti:
1782 1927 1927 1988 nihil
1956 1927 2062 1989 tibi
2087 1927 2266 1989 clausi
2294 1938 2399 1989 est.
2448 1926 2485 1989 8

260 2011 438 2072 modo
485 2010 578 2072 dic
615 2010 817 2085 nobiS,
860 2011 1094 2090 qualem
1135 2013 1313 2074 deum
1357 2013 1533 2074 istum
1576 2012 1705 2073 fleri
1746 2013 1906 2073 velis.
1958 2003 2406 2095 Ἐπικούρειος

156 2137 163 2156 2
263 2091 431 2170 θεὸς
477 2115 597 2157 non
645 2106 840 2176 potest
884 2116 1040 2158 esse:
1090 2088 1241 2161 οὔτε
1286 2087 1487 2172 αὐτὸς
1525 2088 1865 2181 πράγματ’
1917 2094 2049 2177 ἔχει
2094 2090 2245 2161 οὔτε
2291 2090 2404 2161 ἄλ-

150 2192 213 2243 20
263 2180 405 2256 λοις
436 2183 746 2265 παρέχεις
776 2179 1056 2244 Stoicus?
1088 2183 1384 2261 quomodo
1415 2191 1614 2261 potest
1643 2181 2012 2244 “rotundus’'
2046 2201 2200 2256 esse,
2235 2193 2297 2244 ut
2326 2183 2406 2243 ait

268 2267 450 2328 Varro
483 2266 651 2329 “sine
683 2267 890 2348 capite,
922 2267 1050 2329 sine
1074 2266 1468 2348 praeputio'’?
1499 2278 1590 2330 est
1616 2267 1835 2347 aliquid
1857 2267 1919 2330 in
1952 2267 2050 2330 illo
2078 2267 2261 2329 Stoici
2291 2268 2403 2342 dei,

263 2353 377 2414 iam
411 2351 607 2413 video:
653 2372 763 2416 nec
806 2372 909 2415 cor
954 2371 1066 2415 nec
1108 2364 1287 2433 caput
1329 2353 1524 2416 hahet.
1583 2354 1633 2415 si
1675 2352 2043 2416 mehercules
2084 2372 2116 2413 a
2148 2353 2405 2415 Saturno

263 2439 508 2517 petisset
529 2439 642 2500 hoc
664 2437 1046 2521 beneficium,
1060 2439 1231 2502 cuius
1252 2458 1520 2501 mensem
1539 2447 1664 2500 toto
1687 2457 1848 2500 anno
1872 2437 2188 2500 celebravit
2202 2439 2406 2501 Satur-

267 2523 514 2585 nalicius
537 2524 837 2604 princeps,
871 2543 993 2586 non
1016 2523 1248 2586 tulisset
1276 2524 1439 2597 illud,
1473 2525 1690 2586 nedum
1722 2523 1795 2585 ab
1821 2523 1974 2596 love,
2006 2542 2181 2602 quem
2215 2542 2406 2603 quan-

152 2619 216 2670 25
262 2619 387 2670 tum
421 2609 660 2687 quidem
690 2609 753 2669 in
790 2609 888 2670 illo
918 2609 1060 2681 fuit,
1107 2608 1403 2670 damnavit
1439 2609 1669 2670 incesti.
1729 2608 1991 2670 Silanum
2035 2609 2191 2670 enim
2223 2626 2405 2687 gene-

264 2712 396 2756 rum
433 2711 608 2755 suum
640 2694 854 2755 occidit
881 2704 1196 2775 propterea
1240 2695 1397 2773 quod
1439 2713 1706 2756 sororem
1737 2712 1933 2768 suam,
1977 2693 2405 2756 festivissimam

266 2778 532 2840 omnium
558 2780 905 2859 puellarum,
937 2798 1111 2859 quam
1136 2797 1345 2842 omnes
1367 2780 1659 2842 Venerem
1684 2788 1982 2852 vocarent,
2005 2779 2209 2842 maluit
2226 2779 2407 2841 luno·

266 2883 404 2925 nem
447 2882 675 2926 vocare.
747 2864 1006 2943 “quare''
1051 2865 1246 2944 inquit
1289 2870 1553 2944 “quaero
1597 2865 1786 2937 enim,
1839 2882 2109 2927 sororem
2148 2863 2405 2926 suam?’'

156 2988 162 3009 2
265 2949 462 3022 stulte,
492 2950 691 3011 stude:
733 2949 981 3012 Athenis
1009 2950 1314 3012 dimidium
1345 2949 1512 3025 licet,
1543 2949 1929 3012 Alexandriae
1960 2960 2169 3012 totum.
2228 2950 2408 3029 “quia

152 3044 218 3094 30
264 3035 485 3095 Romae
498 3034 531 3058 ''
576 3035 775 3114 inquis
820 3041 1062 3096 “mures
1090 3035 1275 3098 molas
1308 3035 1563 3116 lingunt.
1578 3035 1610 3059 ”
1684 3036 1780 3097 hic
1812 3034 1984 3097 nobis
2015 3053 2190 3096 curva
2221 3035 2407 3097 corri-

266 3117 408 3200 get?
455 3120 595 3199 quid
626 3121 686 3181 in
719 3120 993 3181 cubiculo
1025 3140 1133 3182 suo
1165 3121 1370 3194 faciat,
1403 3122 1629 3193 nescit,
1662 3129 1721 3181 et
1749 3121 1862 3182 iam
1895 3120 2081 3181 “caeli
2112 3129 2408 3182 scrutatur

266 3203 554 3284 plagas''‘?
608 3205 752 3267 deus
784 3205 910 3266 lieri
940 3204 1093 3266 vu'lt:
1148 3223 1355 3285 parum
1387 3216 1477 3268 est
1507 3206 1667 3285 quod
1699 3205 1980 3286 templum
2011 3204 2073 3266 in
2106 3204 2408 3267 Britannia

266 3290 473 3362 habet,
519 3290 678 3370 quod
708 3291 869 3352 hunc
901 3289 1136 3352 barbari
1167 3291 1371 3353 colunt
1401 3300 1461 3354 et
1505 3301 1568 3352 ut
1598 3291 1771 3352 deum
1814 3300 1986 3352 orant
2013 3290 2241 3374 μωροῦ
2274 3281 2408 3356 εὐι-

267 3371 468 3439 λάτου
499 3373 783 3456 τυχεῑνΤ

155 3471 219 3520 35
434 3461 672 3523 tandem
702 3460 820 3522 lovi
851 3460 1011 3522 venit
1041 3459 1102 3521 in
1133 3470 1413 3533 mentem,
1454 3460 1694 3538 privatis
1723 3461 1879 3521 intra
1908 3459 2131 3521 curiam
2166 3476 2403 3521 moran-
2450 3460 2488 3520 9

268 3546 428 3607 tibus
471 3547 828 3609 senatoribus
877 3564 998 3608 non
1047 3544 1215 3607 licere
1264 3546 1621 3607 sententiam
1673 3546 1869 3607 dicere
1923 3563 2035 3607 nec
2086 3545 2406 3625 disputare.

268 3631 427 3710 ‘ego’
473 3632 668 3710 inquit
696 3638 776 3712 ‘p.
809 3650 862 3693 c.
894 3631 1263 3709 interrogare
1300 3629 1465 3693 vobis
1495 3630 1911 3710 permiseram,
1956 3649 2060 3691 vos
2094 3648 2256 3691 mera
2284 3648 2410 3691 ma·

268 3716 418 3796 palia
449 3716 687 3779 fecistis.
747 3718 879 3779 volo
910 3725 976 3779 ut
1004 3716 1244 3778 servetis
1274 3715 1643 3796 disciplinam
1676 3715 1894 3778 curiae.
1945 3715 2043 3777 hic
2074 3715 2411 3794 qualiscun-

442 3869 503 3920 12
540 3868 628 3935 qui
665 3867 757 3919 tibi
782 3866 801 3934 ΙΙ
831 3869 891 3922 13
928 3864 1272 3934 contulerim}
1304 3867 1365 3920 19
1401 3856 1460 3917 ὃς
1492 3863 1618 3917 οὔτε
1641 3864 1982 3918 Fromondus
2011 3864 2020 3928 Ι
2051 3883 2276 3985 neugma
2301 3865 2321 3931 ΙΙ
2348 3867 2411 3917 20

265 3937 420 3987 esse?
472 3934 720 3989 rotundus
763 3950 1146 4002 proposueram
1171 3933 1191 4001 ΙΙ
1217 3936 1281 3988 23
1331 3933 1608 3986 saturnalia
1658 3933 1769 3986 eius
1794 3933 1813 4000 ΙΙ
1841 3936 1907 3986 24
1954 3932 2097 3986 illum
2186 3948 2300 3985 eum
2347 3933 2410 3984 ab

266 4003 439 4056 iovem
475 4002 605 4072 quill
634 4007 698 4058 26
746 4003 934 4056 occidit
968 4018 1059 4056 oro
1095 4017 1186 4070 per
1222 4000 1384 4069 quod:
1446 4007 1654 4067 propter
1689 4002 1846 4068 quid?
1906 4001 2162 4070 Lipsiuefl
2191 4004 2254 4054 30
2303 4016 2414 4053 cor-

267 4071 428 4140 rigitu
459 4074 516 4124 31
559 4073 733 4124 nescio
756 4071 870 4141 [36
907 4071 1075 4124 dicere
1111 4069 1254 4123 nefas
1291 4071 1459 4139 putari
1495 4071 1760 4136 Hauptius
2287 4083 2294 4091 “
