2881 4580
457 283 583 343 200
1359 284 1690 338 VARRONIS

1340 458 1552 517 xvim
1584 460 1673 535 (4)

327 567 417 619 m
670 559 913 620 scientia
958 559 1196 633 doceat,
1249 559 1743 640 quemadmodum
1797 560 1856 620 in
1902 559 2180 638 psalterio
2225 559 2612 621 extendamus

461 663 687 706 nervias

1394 729 1498 790 XX
1528 731 1661 806 (17)

318 841 408 891 απ
663 850 834 893 voces
880 832 1275 910 Amphionem
1319 832 1699 911 tragoedum,
1762 832 1965 893 iubeas
2031 832 2379 912 Amphionis
2430 850 2605 912 agere

455 918 667 997 partis;
699 917 1079 979 infantiorem
1113 936 1289 997 quam
1321 935 1489 978 meus
1517 928 1605 978 est
1632 918 1814 978 mulio

1386 1035 1519 1096 XXI
1555 1038 1687 1112 (12)

317 1146 407 1198 368
667 1148 726 1199 et
754 1139 811 1199 id
843 1138 1051 1199 dicunt
1082 1156 1247 1199 suam
1279 1137 1600 1200 Briseidem
1631 1139 1989 1219 producere,
2044 1156 2195 1217 quae
2249 1138 2374 1199 eius
2407 1138 2608 1198 nervia

456 1233 704 1285 tractare
736 1224 961 1285 solebat

1364 1306 1524 1368 XXIl
1554 1310 1686 1384 (19)

315 1419 405 1470 369
659 1411 706 1472 si
753 1429 874 1471 non
921 1410 1055 1489 plus
1097 1410 1504 1471 testiculorum
1549 1409 1867 1470 offenderis
1915 1428 2092 1488 quam
2124 1409 2182 1470 in
2216 1419 2471 1470 castrato
2503 1428 2610 1489 pe-

455 1514 592 1557 core
627 1496 684 1557 in
719 1495 949 1576 Apulia,
981 1495 1185 1556 vincor
1216 1513 1338 1556 non
1372 1513 1503 1556 esse
1533 1495 1858 1556 masculum
1891 1496 1961 1556 ad
1995 1513 2119 1555 rem

1312 1695 1504 1747 ΡΑΡΙΑ
1544 1695 1758 1747 PAPAE

1256 1801 1409 1867 περὶ
1455 1799 1813 1867 ἐγκωμίων

1466 1920 1488 1979 I
1545 1933 1560 1947 ι

318 2032 407 2081 370
858 2040 1007 2100 quos
1037 2020 1456 2101 calliblepharo
1490 1923 1741 2082 n(a2t)urali
1772 2022 2090 2102 palpebrae

864 2108 1081 2203 tinctae
1110 2106 1353 2168 vallatos
1385 2107 1588 2168 mobili
1633 2117 1837 2185 saepto
1870 2116 2078 2167 tenent

1447 2225 1499 2286 ΙΙ

313 2338 402 2389 371
852 2330 1068 2391 luculla
1102 2330 1161 2390 in
1197 2340 1399 2391 mento
1430 2227 1713 2410 imprlgssa
1746 2330 1979 2391 Amoris
2011 2329 2255 2408 digitulo

860 2416 1101 2496 vestigio
1134 2417 1503 2478 demonstrat
1534 2415 1963 2476 mollitudinem

1437 2534 1516 2594 111
1546 2537 1632 2613 (5)

317 2646 405 2698 372
862 2636 1080 2697 collum
1111 2654 1426 2716 procerum
1461 2637 1667 2697 fiotum
1700 2635 1809 2696 levi
1841 2638 2132 2695 marmore

861 2722 1099 2799 regillae
1130 2722 1364 2782 tunicae
1396 2721 1677 2781 definitur
1706 2737 1971 2800 purpura
2179 2727 2184 2732 ’

1398 2839 1507 2899 1111
1569 2842 1642 2901 12

317 2949 408 3000 373
863 2943 1025 3002 omni
1058 2949 1252 3021 opstat
1281 2943 1341 3003 in
1376 2841 1669 3021 mystfsrio)
1687 2942 1950 3001 invidum
1981 2940 2146 3001 tabes

322 3153 411 3204 374
668 3142 973 3205 dominum
1006 3145 1254 3215 convivi,
1284 3060 1493 3207 vinum?
1517 3060 1743 3206 aliudve
1775 3145 1913 3224 quid
1950 3145 2027 3204 mi
2055 3144 2287 3205 laudato

623 3312 723 3363 366
757 3309 825 3364 Ν.
855 3326 910 3376 p.
948 3313 1046 3364 215
1083 3313 1255 3364 nervia
1298 3312 1318 3379 ΙΙ
1355 3316 1453 3366 367
1491 3313 1559 3364 Ν.
1590 3330 1644 3380 p.
1682 3315 1745 3365 55
1782 3312 1951 3363 infans
1998 3313 2007 3377 Ι
2054 3311 2294 3363 infantior
2329 3312 2426 3363 erit
2461 3311 2613 3365 Mad-

452 3381 617 3443 viem,
652 3379 884 3431 invenies
918 3379 1187 3445 supplevit
1220 3379 1493 3447 Roepmoe
1523 3383 1543 3448 ΙΙ
1583 3383 1681 3434 368
1726 3379 1795 3431 Ν.
1828 3396 1881 3445 p.
1920 3382 2018 3432 215
2068 3380 2241 3432 nervia
2289 3381 2456 3431 neutri
2504 3382 2611 3445 (de-

451 3447 581 3498 levit
616 3448 781 3500 neutri
806 3447 1202 3512 Quicheratim)
1233 3449 1242 3514 Ι
1274 3449 1320 3502 ei
1358 3449 1566 3501 edicunt
1600 3447 1913 3500 Ribbeckius
1943 3450 1951 3513 Ι
1982 3463 2179 3500 servam
2220 3448 2609 3518 Baehrens-im!

452 3515 654 3567 nervias
679 3516 699 3583 ΙΙ
726 3518 826 3569 369
861 3514 929 3567 Ν.
958 3532 1016 3581 p.
1057 3519 1151 3570 141
1192 3517 1474 3569 masculum

623 3585 721 3636 370
771 3584 836 3636 N.
866 3599 924 3649 p.
963 3586 1060 3637 218
1099 3583 1391 3651 palpebrae.
1462 3586 1683 3636 dubium
1730 3589 1808 3634 est
1853 3588 2037 3634 utrum
2086 3585 2159 3635 ad
2201 3586 2428 3635 titulum
2469 3589 2614 3638 hunc

451 3652 702 3710 (παππία
739 3655 943 3717 παπαῖ)
977 3668 1048 3703 an
1084 3653 1194 3704 alio
1230 3658 1432 3720 spectet
1459 3669 1637 3719 gram.
1686 3652 1748 3703 de
1786 3652 1963 3702 dubiis
1994 3654 2303 3703 nominibus
2339 3651 2381 3702 V
2411 3669 2471 3719 p.
2510 3657 2612 3707 572

454 3716 512 3769 Κ.
536 3734 700 3785 papae
725 3720 1012 3785 dicendum,
1055 3721 1188 3773 sicut
1210 3720 1369 3774 Varro
1413 3722 1465 3773 in
1509 3721 1661 3772 satira
1695 3723 1702 3781 Ι
1734 3720 1928 3772 vallato
1971 3720 2177 3772 mobilis
2221 3725 2397 3788 septos
2442 3724 2463 3788 ΙΙ
2511 3726 2609 3777 371

451 3784 517 3838 Ν.
537 3802 590 3851 p.
617 3789 710 3839 135
746 3786 1119 3840 mollitudinem
1150 3793 1158 3849 Ι
1190 3789 1323 3841 sulla
1358 3790 1409 3841 in
1448 3796 1620 3841 mento
1646 3790 1667 3857 fl
1692 3792 1791 3842 372
1828 3788 1896 3839 Ν.
1911 3805 1965 3854 p.
1987 3790 2086 3842 539
2120 3789 2303 3853 regilla
2336 3794 2344 3854 Ι
2375 3791 2612 3857 regillam

453 3854 678 3905 tunicam
715 3854 998 3920 diffingitur
1037 3857 1192 3907 libri.-
1229 3872 1451 3924 purpura
1478 3858 1811 3923 distinguitur
1846 3858 2036 3908 Iunius
2063 3858 2082 3919 11
2106 3859 2205 3909 373
2225 3857 2294 3909 Ν.
2312 3874 2366 3923 p.
2389 3861 2487 3912 495
2528 3874 2614 3910 ac-

450 3922 714 3974 cusativus
741 3924 869 3988 sing.
896 3938 989 3989 pro
1015 3926 1254 3989 genetivo
1292 3926 1422 3994 plur.
1455 3926 1464 3989 l
1495 3942 1526 3978 o
1563 3927 1632 3977 mi
1658 3928 1859 3993 optanti
1889 3926 2153 3976 ministero
2181 3926 2265 3976 vel
2287 3927 2571 3979 ministerio
2595 3928 2614 3993 [1

451 3990 555 4042 374
586 3989 652 4041 Ν.
683 4006 740 4056 p.
780 3993 872 4043 281
915 3991 1150 4043 dominus
1190 3992 1199 4060 Ι
1242 3994 1448 4045 convivi
1501 3994 1675 4046 vinum
1711 4000 1975 4047 mutatum
2009 3996 2070 4043 in
2106 3993 2398 4046 convivium
2438 3996 2614 4047 codex

447 4060 680 4123 optimus
