2881 4580
462 265 543 324 42
1390 263 1698 320 PE'momt

361 442 441 506 63
631 441 893 503 attonitis
935 439 1320 502 admiratione
1365 440 1653 503 universis
1683 439 1878 502 ‘salvo’
1916 440 2110 519 inquit
2151 448 2274 502 ‘tuo
2316 439 2615 502 sermone’
2638 449 2694 499 Η

462 526 818 588 Trimalchio
849 525 917 587 ‘si
947 543 1061 605 qua
1088 524 1236 588 fides
1264 535 1382 598 est,
1418 534 1487 587 ut
1514 524 1658 587 mihi
1687 525 1791 606 pili
1820 526 2279 599 inhorruerunt,
2321 525 2460 605 quia
2488 526 2613 587 scio

461 612 818 673 Niceronem
863 610 1012 672 nihil
1054 629 1346 689 nugarum
1392 628 1662 671 narrare:
1708 610 1886 672 immo
1932 620 2131 672 certus
2163 618 2255 671 est
2282 619 2342 671 et
2369 610 2614 673 minime

459 697 786 775 linguosus.
847 714 984 757 nam
1028 705 1088 758 et
1130 696 1259 776 ipse
1302 694 1468 758 vobis
1511 713 1638 756 rem
1680 694 2027 759 horribilem
2077 694 2352 757 narrabo.
2414 695 2616 759 asinus

460 782 522 843 in
581 781 810 859 tegulis.
871 799 1005 843 cum
1065 782 1256 844 adhuc
1312 781 1619 860 capillatus
1672 798 1894 855 essem,
1949 798 2084 841 nam
2128 798 2161 841 a
2204 798 2393 859 puero
2439 780 2615 845 vitam
2659 793 2692 845 5

461 866 660 929 Chiam
691 867 877 947 gessi,
907 866 1101 946 ipsimi
1132 866 1321 928 nostri
1349 866 1636 928 delicatus
1661 865 1946 939 decessit,
1988 865 2356 929 mehercules
2384 884 2614 945 marga-

458 952 668 1027 ritum,
726 951 985 1014 caecitus
1041 961 1099 1012 et
1141 952 1408 1014 omnium
1455 969 1791 1013 numerum.
1847 968 1987 1013 cum
2025 968 2171 1028 ergo
2216 951 2381 1012 illum
2425 961 2616 1013 mater

458 1037 678 1099 misella
710 1037 1023 1116 plangeret
1051 1045 1109 1097 et
1139 1055 1249 1099 nos
1277 1047 1405 1098 tum
1434 1037 1639 1115 plures
1671 1038 1732 1099 in
1767 1035 2123 1098 tristimonio
2160 1054 2440 1110 essemus,
2470 1038 2613 1099 sub-

458 1121 540 1182 ito
572 1122 786 1201 strigae
813 1123 1053 1184 stridere
1095 1130 1456 1202 coeperunt;
1501 1130 1741 1201 putares
1771 1139 1976 1184 canem
2006 1120 2271 1200 leporem
2315 1124 2612 1202 persequi.

458 1205 821 1270 habebamus
847 1216 995 1269 tunc
1022 1207 1323 1269 hominem
1355 1206 1789 1286 Cappadocem,
1834 1206 2115 1287 longum,
2161 1206 2326 1267 valde
2354 1207 2611 1269 audacu-
2659 1223 2715 1273 10

460 1291 584 1354 lum
629 1301 693 1353 et
730 1292 831 1371 qui
876 1291 1130 1355 valebat:
1154 1301 1409 1372 ¹poterat
1437 1290 1647 1353 hovem
1680 1291 1891 1353 iratum
1921 1290 2148 1352 tollere.
2208 1290 2310 1365 hie
2334 1294 2615 1355 audacter

457 1377 663 1440 stricto
706 1377 899 1456 gladio
945 1387 1109 1439 extra
1152 1378 1367 1440 ostium
1412 1376 1818 1456 procucurrit,
1861 1376 2124 1438 involuta
2166 1376 2403 1439 sinistra
2431 1395 2610 1440 manu

456 1463 708 1538 curiose,
740 1473 800 1524 et
826 1463 1135 1527 mulierem
1166 1472 1447 1543 tanquam
1474 1462 1591 1523 hoc
1617 1462 1750 1527 loco
1777 1496 1865 1505 —
1891 1461 2113 1523 salvum
2145 1461 2249 1537 sit,
2295 1463 2451 1542 quod
2485 1472 2611 1524 tan-

458 1567 534 1628 go
564 1581 649 1593 —
678 1548 928 1609 mediam
974 1548 1218 1609 traiecit.
1284 1547 1554 1609 audimus
1595 1547 1908 1626 gemitum,
1954 1555 2013 1609 et
2051 1546 2229 1626 plane
2275 1565 2395 1609 non
2441 1566 2612 1609 men-

457 1634 596 1707 tiar,
629 1633 784 1712 ipsas
814 1652 937 1694 non
969 1632 1236 1694 vidimus.
1295 1633 1439 1693 haro
1472 1642 1665 1693 autem
1698 1641 1901 1694 noster
1929 1631 2292 1694 introversus
2319 1652 2385 1695 se
2413 1633 2612 1713 proie·
2663 1646 2718 1696 15

459 1719 539 1779 cit
580 1718 639 1778 in
685 1718 934 1791 lectum,
986 1726 1046 1779 et
1089 1735 1305 1797 corpus
1347 1726 1538 1779 totum
1581 1716 1820 1778 lividum
1865 1715 2117 1779 habehat
2160 1717 2328 1796 quasi
2368 1717 2613 1797 flagellis

457 1822 693 1876 caesuS,
742 1802 880 1882 quia
911 1803 1132 1865 seilicet
1160 1803 1320 1864 illum
1351 1803 1626 1882 tetigerat
1654 1802 1802 1882 mala
1833 1820 2062 1863 manuS.
2124 1821 2235 1864 nos
2265 1803 2428 1865 cluso
2457 1804 2612 1866 ostio

456 1887 717 1949 redimus
760 1888 974 1950 iterum
1020 1887 1092 1949 ad
1138 1887 1428 1961 officium,
1474 1888 1575 1948 sed
1609 1905 1744 1948 cum
1789 1896 1976 1948 mater
2005 1887 2363 1966 amplexaret
2392 1906 2612 1968 corpus

456 1973 562 2034 filii
603 1973 725 2048 sui,
770 1973 959 2053 tangit
1001 1983 1060 2034 et
1099 1974 1256 2034 videt
1284 1971 1686 2033 manuciolum
1715 1974 1789 2033 de
1818 1973 2156 2035 stramentis
2185 1973 2426 2035 factum.
2487 1992 2610 2035 non

457 2077 562 2120 cor
589 2056 874 2133 habebat,
920 2077 1045 2120 non
1076 2058 1383 2132 intestina,
1417 2076 1541 2119 non
1574 2057 1918 2137 quicquam:
1962 2057 2187 2119 scilicet
2214 2058 2328 2119 iam
2358 2076 2611 2137 puerum
2657 2071 2716 2124 20

457 2144 673 2223 strigae
716 2144 1118 2205 involaverant
1161 2152 1221 2204 et
1261 2152 1704 2223 supposuerant
1743 2142 2208 2205 stramenticium
2250 2152 2613 2205 vavatonem.

455 2246 602 2308 rogo
631 2248 766 2303 vos,
798 2237 1032 2309 oportet
1062 2228 1339 2303 credatis,
1369 2236 1510 2290 sunt
1540 2228 1819 2290 mulieres
1847 2227 2165 2308 plussciae,
2195 2237 2337 2290 sunt
2367 2238 2614 2292 noctur-

458 2333 600 2391 nae,
645 2325 705 2378 et
749 2315 907 2395 quod
952 2333 1187 2377 sursum
1233 2323 1350 2390 est,
1396 2314 1674 2376 deorsum
1717 2314 1961 2376 faciunt.
2019 2323 2282 2375 ceterum
2325 2313 2470 2375 haro
2515 2315 2613 2376 ille

455 2400 672 2481 longus
713 2411 850 2481 post
892 2401 1006 2462 hoc
1050 2402 1269 2462 sactum
1314 2418 1620 2478 nunquam
1666 2399 1885 2461 coloris
1926 2398 2018 2461 sui
2061 2398 2206 2473 fuit,
2251 2399 2432 2462 immo
2476 2410 2614 2480 post

456 2504 676 2565 paucos
705 2486 830 2547 dies
859 2485 1242 2565 phreneticus
1276 2483 1494 2564 periit’.
2660 2497 2716 2547 25

355 2570 436 2633 64
624 2569 912 2636 miramur
955 2589 1067 2632 nos
1108 2579 1168 2631 et
1213 2569 1429 2649 pariter
1461 2567 1784 2642 credimus,
1829 2569 2193 2647 osculatique
2222 2586 2483 2632 mensam
2513 2589 2615 2631 ro-

454 2674 661 2735 gamus
702 2655 1065 2729 Nocturnas,
1112 2663 1199 2726 ut,
1223 2654 1344 2715 suis
1387 2653 1613 2715 aedibus
1658 2672 1722 2715 se
1765 2661 2043 2728 teneant,
2094 2653 2231 2715 dum
2277 2655 2537 2718 redimus
2582 2674 2614 2716 a

452 2758 618 2803 Gella.

624 2916 684 2968 et
712 2925 853 2978 sane
885 2907 999 2969 iam
1030 2908 1308 2970 lucernae
1339 2906 1483 2968 mihi
1514 2906 1715 2987 plures
1757 2906 2109 2970 videbantur
2136 2909 2344 2970 ardere
2388 2914 2612 2971 totum-

455 3011 571 3073 que
615 2992 936 3054 trielinium
983 3012 1112 3055 esse
1157 3002 1479 3064 mutatum,
1524 3010 1662 3058 cum
1692 2993 2049 3055 Trimalchio
2080 2993 2207 3055 ‘tibi
2235 2993 2387 3056 dico’
2419 2994 2617 3074 inquit
2659 3006 2716 3055 30

455 3077 782 3151 ‘Plocame,
827 3078 975 3140 nihil
1021 3076 1269 3141 narras?
1317 3077 1463 3140 nihil
1495 3096 1605 3139 nos
1633 3075 1982 3140 delectaris?
2028 3088 2087 3139 et
2115 3078 2348 3146 solebas
2376 3080 2613 3143 suavius

452 3182 616 3238 esse,
661 3162 813 3224 belle
857 3162 1115 3225 diverbia
1158 3163 1387 3234 dicere,
1433 3163 1641 3223 melica
1686 3164 2003 3225 canturire.
2061 3165 2177 3225 heu
2215 3164 2364 3238 heu,
2409 3163 2613 3228 abistis

453 3248 642 3310 dulcis
684 3248 948 3310 caricae’.
1011 3248 1162 3309 ‘iam’
1191 3248 1387 3327 inquit
1418 3248 1514 3309 ille
1546 3248 1882 3327 ‘quadrigae
1911 3266 2073 3310 meae
2116 3248 2610 3321 decucurrerunt,

454 3353 525 3394 ex
568 3352 690 3414 quo
734 3334 1089 3414 podagricus
1131 3335 1319 3396 factus
1362 3350 1513 3395 sum.
1573 3333 1834 3412 alioquin
1881 3352 2015 3396 cum
2045 3352 2234 3396 essem
2261 3333 2609 3397 adulescen-

452 3419 630 3493 tulus,
662 3420 956 3482 cantando
987 3437 1177 3499 paene
1209 3418 1537 3498 phthisicus
1566 3419 1757 3480 factus
1783 3436 1936 3480 sum.
1994 3419 2133 3498 quid
2165 3417 2425 3481 saltare?
2469 3420 2612 3499 quid
2656 3430 2713 3479 35

450 3501 753 3566 diverbia?
784 3504 924 3583 quid
947 3500 1355 3566 tonstrinum?
1389 3503 1625 3582 quando
1651 3521 1854 3581 parem
1876 3502 2054 3565 habui
2082 3503 2195 3566 nisi
2218 3522 2406 3567 unum
2430 3505 2609 3585 Apel-

450 3588 625 3649 letem
639 3586 689 3649 *Γ
732 3589 1117 3669 appositaque
1146 3589 1216 3650 ad
1248 3608 1315 3651 os
1343 3606 1522 3649 manu
1554 3588 1755 3649 nescio
1787 3589 1927 3667 quid
1971 3597 2222 3651 taetrum
2266 3589 2609 3664 exsibilavit,

454 3672 612 3751 quod
642 3680 844 3753 postea
873 3673 1163 3736 Graecum
1193 3693 1320 3736 esse
1348 3672 1695 3734 affirmabat.

582 3867 585 3872 ,
620 3828 654 3877 4
688 3823 790 3876 iam
824 3823 1142 3888 Iacobsiusfl
1171 3826 1203 3877 6
1241 3824 1365 3891 ipim
1403 3824 1579 3876 mostri
1612 3821 1633 3891 fl
1672 3827 1701 3875 7
1752 3824 2019 3876 catamitus
2052 3825 2324 3876 Iaeobeiue
2345 3823 2365 3892 ΙΙ
2398 3828 2454 3879 11
2513 3840 2607 3892 po-

451 3896 583 3945 terat
618 3892 814 3943 delevit
838 3892 1011 3944 editor
1034 3893 1329 3943 Patavium
1358 3893 1367 3959 Ι
1398 3890 1570 3944 lovem
1594 3890 1615 3960 ΙΙ
1646 3894 1710 3945 14
1744 3891 1834 3943 sed
1870 3896 1995 3944 ante
2015 3895 2336 3958 scripseram
2361 3893 2381 3959 fl
2411 3894 2471 3945 18
2508 3892 2604 3945 sed

449 3960 570 4013 dum
611 3960 631 4027 fl
681 3963 741 4013 31
800 3960 973 4013 suavis
1026 3974 1168 4025 esse,
1221 3960 1474 4012 canturire
1526 3960 1664 4011 belle
1733 3958 2002 4024 deverbia,
2061 3959 2260 4014 adicere
2316 3961 2548 4013 melicam
2579 3961 2602 4029 fl

450 4030 515 4084 33
550 4026 758 4097 carica!
786 4029 850 4080 36
887 4027 1112 4096 quando]
1145 4043 1298 4095 quem
1334 4028 1493 4094 volgo
1518 4026 1538 4094 ΙΙ
1566 4030 1630 4080 37
1667 4028 2006 4095 oppositaque
