2881 4580
424 263 505 321 52
1348 259 1655 314 PErnoNn

427 453 608 498 cursu
664 433 891 496 centies
944 433 1280 495 sestertium
1342 432 1780 493 corrotundavi.
1868 433 2064 494 statim
2110 431 2331 493 redemi
2378 430 2671 492 fundosH

431 539 672 596 omneS,
707 519 807 598 qui
841 519 1074 598 patroni
1105 519 1221 578 mei
1250 519 1505 578 fuerant.
1566 517 1810 580 aedifico
1840 519 2114 591 domum,
2144 516 2427 577 venalicia
2458 535 2600 577 coe-

433 626 530 668 mo
561 606 850 680 iumcnta;
882 603 1162 683 quicquid
1194 602 1527 683 tangebam,
1561 602 1866 665 crescebat
1893 611 2172 682 tanquam
2198 602 2382 663 favus.
2431 612 2602 682 post-

433 710 608 771 quam
643 690 815 770 coepi
845 689 980 768 plus
1023 688 1261 758 habere,
1308 706 1485 767 quam
1532 696 1650 749 tota
1698 689 1886 767 patria
1931 706 2060 749 mea
2103 687 2311 761 habet,
2356 705 2601 748 manum

433 777 504 836 de
535 775 760 836 tabula:
807 773 1015 836 sustuli
1047 793 1142 835 me
1172 774 1244 834 de
1277 772 1678 851 negotiatione
1710 782 1769 835 et
1799 775 1968 853 coepi
1999 774 2243 835 libertos
2273 773 2603 834 faenerare.
2649 785 2677 833 5

435 871 494 922 et
538 880 683 922 sane
728 860 1035 921 nolentem
1078 878 1173 920 me
1206 858 1511 938 negotium
1557 877 1753 920 meum
1799 876 1976 936 agere
2021 858 2348 920 exhortavit
2374 859 2605 918 mathe-

432 947 708 1020 maticus,
756 945 859 1024 qui
889 953 1131 1005 venerat
1158 945 1312 1005 forte
1341 943 1403 1003 in
1436 943 1728 1006 coloniam
1765 952 2061 1016 nostram,
2106 943 2451 1016 Graeculio,
2495 943 2604 1003 Se-

434 1049 577 1110 rapa
608 1031 885 1102 nomine,
931 1029 1273 1090 consiliator
1304 1029 1569 1090 deorum.
1629 1030 1727 1091 hic
1759 1029 1902 1090 mihi
1932 1029 2075 1090 dixit
2104 1028 2279 1089 etiam
2312 1046 2406 1103 ea,
2453 1045 2607 1107 quae

437 1117 654 1176 oblitus
684 1133 880 1188 eram;
923 1115 996 1175 ab
1028 1115 1149 1175 acia
1181 1123 1241 1175 et
1270 1133 1378 1175 acu
1409 1115 1492 1174 mi
1523 1115 1719 1176 omnia
1753 1114 2056 1195 exposuit3
2103 1114 2415 1175 intestinas
2443 1131 2607 1175 meas

437 1208 711 1275 noverat,
757 1208 986 1261 tantum
1021 1200 1177 1279 quod
1208 1199 1349 1260 mihi
1383 1218 1506 1260 non
1536 1199 1798 1274 dixerat,
1845 1200 1986 1278 quid
2019 1197 2209 1279 pridie
2238 1216 2606 1260 cenaveram.
2652 1209 2709 1262 10

339 1288 416 1348 77
435 1296 705 1368 putasses
750 1285 913 1345 illum
945 1303 1181 1365 semper
1210 1303 1447 1346 mecum
1475 1284 1787 1346 habitasse.
1847 1303 2026 1363 rogo,
2074 1283 2347 1346 Habinna
2379 1319 2462 1329 -
2492 1303 2606 1365 pu-

438 1384 535 1445 to,
581 1370 903 1432 interfuisti
931 1391 1048 1430 —2
1095 1375 1199 1431 “tu
1244 1370 1547 1431 dominam
1592 1379 1752 1431 tuam
1800 1370 1871 1431 de
1916 1370 2098 1431 rebus
2128 1369 2242 1430 illis
2271 1370 2481 1431 fecisti.
2539 1378 2606 1430 tu

438 1474 648 1536 parum
692 1455 829 1517 felix
860 1456 920 1516 in
954 1457 1175 1517 amicos
1205 1474 1288 1516 eS.
1351 1473 1530 1516 nemo
1566 1473 1827 1534 unquam
1858 1454 1968 1516 tibi
1998 1472 2200 1535 parem
2232 1455 2477 1534 gratiam
2511 1473 2607 1515 re-

440 1544 571 1602 fert.
654 1551 718 1602 tu
766 1541 1071 1602 latifundia
1115 1541 1401 1620 possides.
1478 1548 1543 1600 tu
1587 1540 1846 1619 viperam
1893 1541 2002 1602 sub
2049 1541 2137 1600 ala
2183 1540 2485 1601 nutricas’'
2531 1547 2608 1613 et,

443 1625 600 1706 quod
630 1625 798 1687 vobis
830 1644 953 1687 non
986 1626 1265 1698 dixerim,
1313 1634 1374 1685 et
1405 1644 1569 1686 nunc
1601 1626 1680 1686 mi
1712 1634 1934 1687 restare
1963 1626 2116 1686 vitae
2146 1644 2339 1686 annos
2368 1626 2611 1705 triginta
2658 1634 2714 1683 15

442 1720 503 1772 et
533 1729 768 1772 menses
801 1718 1078 1789 quattuor
1123 1722 1182 1771 et
1224 1710 1349 1770 dies
1393 1710 1561 1771 duos.
1621 1719 1927 1790 praeterea
1970 1711 2087 1772 cito
2120 1710 2400 1790 accipiam
2431 1712 2608 1772 here-

444 1795 701 1856 ditatem.
775 1796 891 1856 hoc
923 1795 1067 1856 mihi
1112 1796 1254 1856 dicit
1297 1796 1452 1856 fatus
1483 1814 1668 1857 meus.
1732 1796 1889 1874 quod
1935 1797 1984 1857 si
2030 1796 2348 1874 contigerit
2391 1797 2611 1857 fundos

443 1880 687 1959 Apuliae
718 1881 996 1960 iungere,
1041 1881 1180 1942 satis
1221 1880 1386 1941 vivus
1416 1898 1766 1959 pervenero.
1828 1881 2063 1942 interim
2111 1882 2247 1943 dum
2282 1881 2612 1942 Mercurius

443 1965 671 2043 vigilat,
705 1965 1002 2027 aedificavi
1030 1967 1185 2027 hanc
1216 1966 1476 2026 domum.
1536 1974 1602 2027 ut
1630 1966 1824 2040 scitis,
1855 1966 2050 2027 casula
2081 1974 2234 2042 erat;
2266 1985 2430 2028 nunc
2458 1977 2611 2028 tem-

446 2050 608 2129 plum
642 2058 750 2111 est.
810 2049 990 2112 habet
1020 2060 1300 2130 quattuor
1330 2052 1705 2124 cenationeS‚
1752 2051 2021 2113 cubicula
2067 2051 2301 2131 viginti3
2346 2052 2616 2132 porticus
2661 2061 2717 2111 2⁰

446 2145 833 2197 marmoratos
877 2135 1058 2211 duoS,
1104 2154 1309 2198 susum
1354 2137 1766 2210 cenationem,
1825 2136 2165 2198 cubiculum
2212 2137 2273 2197 in
2321 2156 2439 2216 quo
2487 2138 2614 2217 ipse

446 2221 706 2296 dormio,
737 2222 973 2303 viperae
1003 2222 1179 2284 huius
1207 2222 1550 2296 sessorium,
1584 2222 1804 2284 ostiarii
1837 2221 2042 2282 cellam
2073 2220 2403 2302 perbonam
2414 2242 2429 2299 ;
2475 2223 2614 2283 hos-

447 2307 656 2387 pitium
701 2307 967 2388 hospites
1014 2309 1186 2388 capit.
1247 2308 1316 2369 ad
1364 2327 1687 2381 summam,
1749 2308 2008 2370 Scaurus
2064 2327 2198 2369 cum
2260 2309 2377 2370 huc
2432 2309 2617 2381 venit,

449 2410 741 2472 nusquam
788 2394 1066 2455 mavoluit
1108 2393 1426 2472 hospitari,
1475 2403 1534 2454 et
1574 2393 1755 2454 habet
1797 2394 1868 2454 ad
1914 2411 2074 2454 mare
2118 2403 2432 2473 paternum
2477 2394 2618 2455 hos-

449 2477 678 2556 pitium.
740 2487 800 2539 et
841 2480 1023 2540 multa
1071 2479 1180 2540 alia
1225 2490 1398 2553 sunt,
1455 2497 1607 2557 quae
1652 2478 1843 2540 statim
1889 2477 2055 2540 vohis
2100 2479 2426 2540 ostendam.
2490 2498 2621 2540 cre·
2665 2487 2722 2537 25

452 2561 570 2623 dite
602 2562 775 2623 mihi:
824 2582 1013 2624 assem
1057 2562 1307 2636 babeas,
1354 2582 1547 2625 assem
1591 2565 1808 2640 valeas3
1868 2564 2082 2639 habeS,
2139 2563 2471 2626 habeberis.
2533 2565 2619 2625 sic

452 2647 675 2708 amicus
733 2657 954 2722 vester,
1014 2649 1116 2726 qui
1161 2648 1273 2708 fuit
1317 2666 1494 2722 rana,
1541 2667 1704 2710 nunc
1762 2657 1848 2710 est
1894 2667 2014 2710 rex.
2077 2649 2345 2723 interim,
2395 2650 2617 2723 Stiche,

452 2733 657 2811 profer
699 2732 924 2805 vitalia,
972 2733 1032 2793 in
1081 2732 1298 2810 quibus
1342 2733 1475 2794 volo
1507 2752 1602 2794 me
1646 2734 1862 2795 efferri.
1924 2735 2128 2813 profer
2156 2743 2215 2795 et
2244 2744 2618 2815 unguentum

455 2825 515 2876 et
545 2835 616 2877 ex
648 2816 743 2877 illa
774 2816 1058 2896 amphora
1090 2827 1347 2897 gustum,
1381 2836 1454 2878 ex
1485 2837 1598 2898 qua
1631 2819 1809 2880 iubeo
1839 2819 2014 2880 lavari
2049 2838 2180 2882 ossa
2209 2820 2377 2881 mea.’

355 2899 434 2963 78
627 2919 749 2962 non
784 2912 874 2963 est
904 2912 1168 2964 moratus
1199 2902 1466 2979 Stichus,
1513 2903 1617 2965 sed
1663 2914 1721 2965 et
1765 2905 2083 2984 stragulam
2121 2904 2318 2966 ‘albam
2362 2915 2420 2966 et
2449 2923 2622 2986 prae·
2668 2913 2723 2963 30

455 2992 674 3045 textam
707 2986 765 3046 in
799 2987 1121 3048 triclinium
1155 2988 1350 3048 attulit

454 3069 742 3149 iussitque
774 3090 886 3133 nos
916 3081 1225 3152 temptare,
1258 3091 1332 3135 an
1365 3072 1542 3135 bonis
1571 3074 1722 3135 lanis
1751 3083 1951 3135 essent
1980 3076 2268 3137 confecta.
2321 3085 2447 3136 tum
2479 3076 2625 3137 sub-

456 3155 659 3216 ridens
690 3156 837 3219 ‘vide
868 3157 951 3218 tu’
983 3158 1177 3237 inquit
1211 3158 1461 3233 ‘Stiche,
1509 3177 1585 3220 nc
1616 3160 1725 3221 ista
1756 3177 1958 3221 mures
1989 3169 2235 3239 tangant
2265 3171 2366 3222 aut
2396 3160 2625 3236 tineac3

458 3240 718 3320 alioquin
781 3251 840 3303 tc
897 3243 1090 3303 vivum
1138 3243 1504 3305 comburam.
1575 3262 1684 3323 ego
1743 3244 2035 3324 gloriosus
2083 3247 2217 3306 volo
2272 3246 2500 3319 efferri,
2559 3256 2628 3307 ut

457 3334 617 3387 totus
661 3327 804 3388 mihi
851 3329 1109 3408 populus
1150 3328 1306 3391 bene
1363 3328 1763 3409 imprecetur'.
1852 3330 2044 3391 statim
2093 3331 2407 3412 ampullam
2455 3332 2628 3393 nardi
2673 3338 2727 3391 35

460 3412 690 3490 aperuit
721 3431 1048 3493 omnesque
1095 3433 1206 3475 nos
1249 3415 1421 3475 unxit
1464 3422 1523 3475 et
1552 3414 1767 3494 ‘spero'
1797 3414 1994 3494 inquit
2024 3417 2309 3477 ‘futurum
2342 3425 2409 3477 ut
2436 3435 2627 3498 aeque

459 3514 553 3556 me
600 3507 902 3560 mortuum
937 3499 1096 3559 iuvet
1124 3507 1406 3577 tanquam
1450 3499 1684 3561 vivum’.
1747 3518 1884 3560 nam
1926 3502 2128 3561 vinum
2176 3501 2414 3581 quidem
2445 3503 2508 3563 in
2538 3504 2626 3562 vi-

461 3581 693 3640 narium
726 3583 896 3691 iussit
925 3583 1158 3646 infundi
1193 3592 1251 3645 et
1283 3590 1509 3663 ‘putate
1538 3585 1660 3646 vos’
1690 3585 1771 3646 ait
1802 3586 1891 3647 ‘ad
1935 3586 2256 3667 parentalia
2300 3605 2430 3648 mea
2476 3587 2627 3648 invi-

458 3673 611 3727 tatos
641 3685 770 3728 esse
793 3713 807 3728 .

639 3818 669 3867 5
706 3831 797 3884 per
832 3817 1045 3871 libertos
1081 3818 1331 3870 Heinsius
1373 3817 1394 3883 ΙΙ
1434 3820 1466 3870 6
1503 3819 1710 3872 nolente
1753 3819 1761 3886 Ι
1794 3820 2025 3872 exoravit
2059 3821 2154 3872 sed
2184 3822 2243 3870 in
2276 3824 2524 3885 margine
2560 3819 2626 3874 al.

467 3882 757 3936 exhortavit
782 3885 802 3952 ΙΙ
832 3888 893 3939 10
920 3885 1053 3938 ,ηιὶῑιί
1088 3887 1333 3938 additum
1367 3889 1427 3937 in
1451 3891 1698 3953 margine
1724 3887 1745 3956 ΙΙ
1771 3890 1833 3940 12
1870 3888 1985 3940 imis
2009 3887 2396 3952 Hirschfeldus,
2421 3888 2628 3957 pusillis

464 3950 714 4003 Heinsius
739 3952 758 4020 ΙΙ
789 3955 849 4005 15
887 3954 1041 4006 etiam
1079 3970 1211 4007 nunc
1236 3957 1463 4007 Iahnius
1486 3955 1507 4023 ΙΙ
1536 3959 1598 4009 19
1625 3971 1781 4009 cusuc
1818 3961 1928 4008 erat
1952 3956 1972 4024 ΙΙ
1998 3959 2060 4010 21
2101 3958 2420 4010 marmoratis
2456 3956 2588 4011 duos
2616 3957 2627 4025 Ι

464 4019 790 4074 cellationem
814 4021 834 4091 ΙΙ
863 4024 930 4074 24
963 4023 1160 4076 mavolt
1195 4023 1443 4074 Heinsius
