2881 4580
1176 254 1457 308 suman
2317 255 2398 316 63

145 436 190 487 L
222 427 447 508 recepi.
507 428 608 489 ille
655 435 721 488 ut
764 445 828 489 se
871 431 934 488 in
981 428 1295 507 grabatum
1340 428 1547 490 reiecit
1590 427 1851 507 viditque
1884 429 2098 490 Gitona
2145 430 2201 490 in
2252 449 2399 491 con-

224 523 435 595 spectu
469 514 928 585 ministrantem,
961 515 1142 575 movit
1172 523 1348 594 caput
1392 523 1451 575 et
1483 513 1697 575 ‘laudo’
1729 514 1924 592 inquit
1955 514 2397 595 ‘Ganymedem

225 608 469 681 oportet
498 598 678 660 hodie
707 598 863 659 bene
907 597 1019 660 sit'.
1085 618 1206 660 non
1239 599 1549 660 delectavit
1592 618 1688 661 me
1732 610 1851 660 tam
1897 600 2199 663 curiosum
2231 602 2398 681 prin-

224 685 450 765 cipium
482 684 794 762 timuique‚
826 702 904 744 ne
934 683 997 744 in
1031 684 1497 746 contubernium
1538 685 1895 765 recepissem
1926 685 2144 765 Ascylti
2175 705 2398 766 parem.

154 781 181 830 5
223 771 404 831 instat
435 770 789 848 EumolpuS,
821 776 883 829 et
924 787 1060 830 cum
1107 788 1258 849 puer
1302 769 1382 831 illi
1429 770 1737 850 potionem
1769 770 2055 843 dedisset,
2103 772 2275 833 ‘malo
2321 773 2398 834 te'

225 856 422 935 inquit
455 859 656 934 ‘quam
687 854 965 915 balneum
995 854 1207 915 totum'
1236 855 1578 935 siccatoque
1623 856 1786 919 avide
1829 856 2049 936 poculo
2080 866 2257 935 negat
2287 858 2398 919 sibi

228 959 497 1020 unquam
528 940 755 1002 acidius
783 939 984 1002 fuisse.
1047 946 1203 1001 ‘nam
1235 949 1294 1001 et
1338 941 1480 1002 dum
1513 941 1691 1003 lavor'
1737 943 1818 1002 ait
1862 947 2069 1020 ‘paene
2112 942 2398 1021 vapulavi,

229 1027 363 1104 quia
409 1034 668 1086 conatus
711 1044 842 1087 sum
889 1025 1044 1086 circa
1090 1025 1301 1087 solium
1348 1026 1698 1089 sedentibus
1741 1045 1979 1089 carmen
2012 1027 2293 1101 recitare,
2340 1037 2400 1089 et

230 1120 547 1191 postquam
577 1111 651 1171 de
679 1111 894 1171 balneo
941 1120 1221 1189 tanquam
1268 1112 1341 1172 de
1388 1112 1614 1172 theatro
1663 1112 1886 1173 eiectus
1929 1131 2096 1188 sum,
2145 1114 2396 1176 circuire

129 1206 185 1257 10
229 1215 441 1258 omnes
470 1196 723 1276 angulos
754 1196 926 1274 coepi
957 1203 1018 1256 et
1061 1195 1214 1257 clara
1259 1214 1403 1257 voce
1434 1196 1770 1276 Encolpion
1817 1197 2135 1259 clamitare.
2197 1217 2268 1259 ex
2313 1199 2397 1259 al-

229 1291 356 1343 tera
399 1289 573 1362 parte
617 1281 847 1343 iuvenis
892 1281 1116 1354 nuduS,
1163 1281 1264 1360 qui
1309 1282 1654 1343 vestimenta
1700 1282 2070 1362 perdiderat,
2118 1303 2240 1345 non
2285 1285 2396 1345 mi·

232 1386 378 1428 nore
438 1367 716 1428 clamoris
759 1365 1169 1445 indignatione
1216 1366 1429 1427 Gitona
1488 1366 1803 1446 flagitabat.
1893 1376 1953 1428 et
2006 1386 2101 1428 me
2157 1368 2395 1447 quidem

231 1452 402 1531 pueri
463 1460 742 1531 tanquam
801 1452 1077 1513 insanum
1136 1452 1463 1513 imitatione
1517 1452 1983 1532 petulantissima
2040 1452 2396 1527 deriserunt,

230 1538 394 1599 illum
441 1545 636 1599 autem
682 1537 1020 1615 frequentia
1063 1537 1277 1616 ingens
1322 1537 1711 1599 circumvenit
1753 1556 1890 1600 cum
1935 1538 2148 1617 plausu
2192 1547 2251 1600 et
2293 1539 2397 1601 ad-

128 1634 182 1683 15
230 1623 549 1684 miratione
593 1621 982 1684 timidissima.
1082 1622 1338 1683 habebat
1396 1624 1556 1684 enim
1612 1623 1928 1702 inguinum
1984 1623 2223 1703 pondus
2278 1633 2396 1685 tam

230 1710 479 1787 grande,
512 1718 579 1770 ut
609 1708 799 1788 ipsum
831 1707 1132 1768 hominem
1164 1708 1437 1769 laciniam
1471 1708 1679 1771 fascini
1709 1710 2003 1771 crederes·
2064 1729 2099 1770 o
2122 1709 2403 1770 iuvenem·

230 1793 625 1856 laboriosum:
659 1803 805 1873 puto
834 1792 998 1853 illum
1030 1793 1220 1872 pridie
1251 1793 1537 1873 incipere,
1568 1803 1809 1874 postero
1834 1795 1929 1856 die
1960 1795 2151 1857 finire.
2198 1795 2397 1875 itaque

229 1879 427 1940 statim
472 1880 699 1940 invenit
742 1878 1058 1954 auxilium;
1108 1878 1308 1940 nescio
1356 1879 1490 1957 quis
1535 1879 1724 1953 enim,
1770 1898 1955 1960 eques
1985 1881 2286 1944 Romanus
2330 1890 2398 1942 ut

230 1964 469 2026 aiebant
497 1964 766 2039 infamiS‚
797 1981 903 2026 sua
933 1972 1092 2025 veste
1124 1972 1424 2026 errantem
1458 1964 1846 2028 circumdedit
1890 1984 1958 2027 ac
2002 1967 2244 2029 domum
2290 1967 2395 2028 ab-

134 2060 185 2109 20
227 2050 426 2126 duxit,
475 2051 684 2124 credo,
730 2057 799 2110 ut
825 2057 943 2110 tam
977 2067 1190 2128 magna
1220 2051 1462 2112 fortuna
1505 2050 1667 2112 solus
1709 2060 1998 2113 uteretur.
2059 2060 2116 2112 at
2160 2070 2271 2148 ego
2318 2071 2396 2114 ne

229 2154 358 2197 mea
388 2135 630 2216 quidem
661 2134 1009 2197 vestimenta
1041 2134 1113 2194 ab
1147 2135 1414 2197 officioso
1446 2138 1671 2199 custode
1701 2137 2078 2233 recepissem,
2125 2136 2239 2197 nisi
2285 2155 2396 2197 no-

229 2230 421 2283 torem
453 2220 766 2283 dedissem.
828 2227 995 2280 tanto
1028 2219 1211 2299 magis
1242 2220 1523 2300 expedit
1507 2221 1753 2301 inguina
1784 2239 1962 2300 quam
2007 2221 2245 2301 ingenia
2290 2222 2395 2281 sri-

227 2307 380 2383 care’
385 2353 399 2368 .
435 2307 581 2368 haec
594 2305 889 2385 Eumolpo
921 2306 1154 2367 dicente
1187 2306 1486 2367 mutabam
1516 2325 1627 2385 ego
1650 2306 2126 2385 frequentissime
2149 2306 2394 2380 vultum,

226 2392 464 2455 iniuriis
493 2392 720 2455 scilicet
762 2391 990 2452 inimici
1035 2391 1151 2452 mei
1199 2391 1417 2466 hilaris,
1452 2392 1777 2453 commodis
1822 2390 2025 2453 tristis.
2086 2399 2394 2470 utcunque

131 2486 182 2537 25
221 2486 444 2550 tamen,
470 2487 753 2557 tanquam
789 2496 909 2537 non
933 2494 1320 2555 agnoscerem
1345 2475 1621 2552 fabulam,
1654 2477 1809 2538 tacui
1834 2484 1893 2538 et
1915 2495 2100 2538 cenae
2124 2476 2394 2538 ordinem

224 2564 489 2644 explicui

1301 2667 1334 2705 *

399 2733 531 2794 ‘vile
563 2741 670 2806 est,
703 2732 862 2810 quod
892 2731 1048 2804 licet,
1094 2739 1154 2791 et
1182 2731 1415 2793 animus
1446 2749 1651 2793 errore
1682 2731 1881 2793 lentus
1911 2731 2156 2794 iniurias
2184 2731 2391 2811 diligit.
2414 2730 2496 2792 93

637 2818 758 2879 ales
788 2816 1086 2878 Phasiacis
1115 2817 1297 2896 petita
1329 2816 1563 2880 Colchis

639 2912 816 2983 atque
846 2903 1021 2964 Afrae
1051 2902 1320 2964 volucres
1348 2902 1590 2982 placent
1617 2902 1833 2981 palato,

126 2999 179 3049 30
638 2989 797 3068 quod
830 3006 951 3049 non
984 2995 1128 3049 sunt
1155 2987 1382 3049 faciles:
1416 2994 1476 3047 at
1505 2986 1672 3049 albus
1702 3006 1881 3050 anser

636 3084 697 3134 et
726 3073 899 3153 pictis
930 3091 1073 3134 anas
1096 3082 1375 3133 renovata
1405 3072 1624 3152 pennis

639 3158 940 3239 plebeium
969 3158 1140 3237 sapit.
1198 3157 1421 3220 ultimis
1452 3156 1525 3218 ab
1557 3157 1677 3219 oris

635 3251 915 3306 attractus
945 3261 1149 3305 scarus
1177 3252 1354 3322 atque
1381 3249 1540 3303 arata
1573 3242 1760 3323 Syrtis

638 3329 688 3391 si
721 3329 863 3408 quid
892 3328 1203 3407 naufragio
1235 3328 1414 3403 dedit,
1447 3327 1764 3407 probatur:

121 3422 175 3473 35
636 3415 855 3477 mullus
887 3413 1004 3475 iam
1034 3413 1224 3493 gravis
1255 3421 1361 3475 est.
1424 3413 1606 3473 amica
1640 3413 1821 3474 vincit

636 3518 906 3564 uxorem.
965 3517 1100 3561 rosa
1130 3499 1472 3560 cinnamum
1504 3508 1758 3559 veretur.

638 3586 918 3693 quicquid
951 3584 1274 3663 quaeritur,
1306 3584 1597 3681 optimum
1625 3578 1895 3643 videtur!

397 3669 534 3730 ‘hoc
565 3669 674 3731 est’
704 3671 946 3749 inquam
980 3670 1157 3749 ‘quod
1188 3670 1565 3749 promiseraS,
1613 3687 1688 3729 ne
1718 3685 1897 3746 quem
1941 3664 2114 3726 hodie
2161 3682 2392 3725 versum
2413 3664 2496 3725 94

220 3751 498 3816 faceres?
529 3773 641 3835 per
671 3756 865 3831 fidem,
898 3755 1103 3817 saltem
1137 3754 1314 3817 nobis
1360 3772 1559 3835 parce,
1592 3753 1694 3831 qui
1726 3761 1782 3813 te
1830 3769 2139 3831 nunquam
2171 3750 2392 3831 lapida-

396 3959 427 4010 8
466 3959 519 4009 at
544 3956 564 4024 ΙΙ
592 3958 660 4009 24
694 3957 858 4009 nostri
898 3955 1262 4008 Tornaesiana
1287 3955 1307 4023 ΙΙ
1335 3957 1397 4007 27
1436 3955 1596 4007 errori
1629 3955 1858 4008 intentus
1894 3956 2101 4007 conieci
2137 3952 2243 4022 [131
2282 3952 2393 4004 avis

219 4026 575 4091 florilegium.
648 4029 817 4076 metro
853 4028 1102 4076 com-enit
1133 4024 1403 4090 ingravata
