<?xml version="1.0" encoding="UTF-8"?>
<!DOCTYPE html PUBLIC "-//W3C//DTD XHTML 1.0 Transitional//EN"
    "http://www.w3.org/TR/xhtml1/DTD/xhtml1-transitional.dtd">
<html xmlns="http://www.w3.org/1999/xhtml" xml:lang="en" lang="en">
 <head>
  <title>
</title>
<meta http-equiv="Content-Type" content="text/html;charset=utf-8" />
  <meta name='ocr-system' content='tesseract 3.04.00' />
  <meta name='ocr-capabilities' content='ocr_page ocr_carea ocr_par ocr_line ocrx_word'/>
</head>
<body>
  <div class='ocr_page' id='page_1' title='image "./priapea00senegoog/priapea00senegoog_0137.png"; bbox 0 0 2881 4580; ppageno 0'>
   <div class='ocr_carea' id='block_1_1' title="bbox 1168 279 1597 335">
    <p class='ocr_par' dir='ltr' id='par_1_1' title="bbox 1168 279 1597 335">
     <span class='ocr_line' id='line_1_1' title="bbox 1168 279 1597 335; baseline -0.007 -3"><span class='ocrx_word' id='word_1_1' title='bbox 1168 279 1493 335; x_wconf 84' lang='lat' dir='ltr'><strong>SERMONIS</strong></span> <span class='ocrx_word' id='word_1_2' title='bbox 1594 326 1597 329; x_wconf 77' lang='grc'>,</span> 
     </span>
    </p>
   </div>
   <div class='ocr_carea' id='block_1_2' title="bbox 260 432 1288 636">
    <p class='ocr_par' dir='ltr' id='par_1_2' title="bbox 260 432 1288 636">
     <span class='ocr_line' id='line_1_2' title="bbox 260 432 1288 504; baseline 0.01 -10"><span class='ocrx_word' id='word_1_3' title='bbox 260 457 393 495; x_wconf 90' lang='lat' dir='ltr'><strong>unus</strong></span> <span class='ocrx_word' id='word_1_4' title='bbox 419 441 639 495; x_wconf 90' lang='lat' dir='ltr'><strong>alicuius</strong></span> <span class='ocrx_word' id='word_1_5' title='bbox 664 432 879 499; x_wconf 85' lang='lat' dir='ltr'><strong>flaturae</strong></span> <span class='ocrx_word' id='word_1_6' title='bbox 898 447 994 500; x_wconf 84' lang='lat' dir='ltr'><strong>fuit</strong></span> <span class='ocrx_word' id='word_1_7' title='bbox 1013 447 1288 504; x_wconf 84' lang='lat' dir='ltr'><strong>Thraex46</strong></span> 
     </span>
     <span class='ocr_line' id='line_1_3' title="bbox 263 511 1285 583; baseline 0.009 -22"><span class='ocrx_word' id='word_1_8' title='bbox 263 511 398 563; x_wconf 85' lang='lat' dir='ltr'><strong>foras</strong></span> <span class='ocrx_word' id='word_1_9' title='bbox 424 518 577 563; x_wconf 84' lang='lat' dir='ltr'><strong>cenat</strong></span> <span class='ocrx_word' id='word_1_10' title='bbox 603 514 671 564; x_wconf 89' lang='grc'><strong>30</strong></span> <span class='ocrx_word' id='word_1_11' title='bbox 718 513 856 567; x_wconf 80' lang='lat' dir='ltr'><strong>foras</strong></span> <span class='ocrx_word' id='word_1_12' title='bbox 882 522 1055 583; x_wconf 90' lang='lat' dir='ltr'><strong>parata</strong></span> <span class='ocrx_word' id='word_1_13' title='bbox 1082 525 1200 570; x_wconf 90' lang='lat' dir='ltr'><strong>sunt</strong></span> <span class='ocrx_word' id='word_1_14' title='bbox 1224 521 1285 570; x_wconf 92' lang='lat'>47</span> 
     </span>
     <span class='ocr_line' id='line_1_4' title="bbox 264 578 779 636; baseline 0.014 -7"><span class='ocrx_word' id='word_1_15' title='bbox 264 578 498 630; x_wconf 80' lang='lat' dir='ltr'><strong>fortunae</strong></span> <span class='ocrx_word' id='word_1_16' title='bbox 534 578 676 633; x_wconf 88' lang='lat' dir='ltr'><strong>filius</strong></span> <span class='ocrx_word' id='word_1_17' title='bbox 713 585 779 636; x_wconf 91' lang='lat'><strong>43</strong></span> 
     </span>
    </p>
   </div>
   <div class='ocr_carea' id='block_1_3' title="bbox 260 646 1289 917">
    <p class='ocr_par' dir='ltr' id='par_1_3' title="bbox 262 646 1288 783">
     <span class='ocr_line' id='line_1_5' title="bbox 262 646 1288 716; baseline 0.009 -20"><span class='ocrx_word' id='word_1_18' title='bbox 262 646 493 713; x_wconf 79' lang='lat' dir='ltr'><strong>frigidior</strong></span> <span class='ocrx_word' id='word_1_19' title='bbox 515 647 686 700; x_wconf 90' lang='lat' dir='ltr'><strong>hieme</strong></span> <span class='ocrx_word' id='word_1_20' title='bbox 710 649 893 716; x_wconf 87' lang='lat' dir='ltr'><strong>gallica</strong></span> <span class='ocrx_word' id='word_1_21' title='bbox 921 651 1087 703; x_wconf 89' lang='lat' dir='ltr'><strong>factus</strong></span> <span class='ocrx_word' id='word_1_22' title='bbox 1117 655 1178 706; x_wconf 88' lang='grc'><strong>19</strong></span> <span class='ocrx_word' id='word_1_23' title='bbox 1204 653 1288 706; x_wconf 79' lang='lat' dir='ltr'><strong>fri·</strong></span> 
     </span>
     <span class='ocr_line' id='line_1_6' title="bbox 331 714 1085 783; baseline 0.011 -19"><span class='ocrx_word' id='word_1_24' title='bbox 331 714 500 781; x_wconf 89' lang='lat' dir='ltr'><strong>gidior</strong></span> <span class='ocrx_word' id='word_1_25' title='bbox 533 717 734 783; x_wconf 77' lang='lat' dir='ltr'><strong>rigente</strong></span> <span class='ocrx_word' id='word_1_26' title='bbox 769 719 948 771; x_wconf 88' lang='lat' dir='ltr'><strong>bruma</strong></span> <span class='ocrx_word' id='word_1_27' title='bbox 989 722 1085 773; x_wconf 84' lang='lat'><strong>132</strong></span> 
     </span>
    </p>

    <p class='ocr_par' dir='ltr' id='par_1_4' title="bbox 260 783 1289 917">
     <span class='ocr_line' id='line_1_7' title="bbox 260 783 1289 850; baseline 0.007 -17"><span class='ocrx_word' id='word_1_28' title='bbox 260 783 473 835; x_wconf 85' lang='lat' dir='ltr'><strong>frunisci</strong></span> <span class='ocrx_word' id='word_1_29' title='bbox 500 784 715 850; x_wconf 81' lang='lat' dir='ltr'><strong>aliquid</strong></span> <span class='ocrx_word' id='word_1_30' title='bbox 737 789 805 846; x_wconf 86' lang='lat'><strong>44</strong></span> <span class='ocrx_word' id='word_1_31' title='bbox 829 789 893 839; x_wconf 88' lang='lat'><strong>75</strong></span> <span class='ocrx_word' id='word_1_32' title='bbox 952 787 1172 840; x_wconf 81' lang='lat' dir='ltr'><strong>frunitus</strong></span> <span class='ocrx_word' id='word_1_33' title='bbox 1209 792 1289 841; x_wconf 91' lang='lat' dir='ltr'><strong>est</strong></span> 
     </span>
     <span class='ocr_line' id='line_1_8' title="bbox 331 852 982 917; baseline 0.011 -16"><span class='ocrx_word' id='word_1_34' title='bbox 331 865 484 917; x_wconf 90' lang='lat' dir='ltr'><strong>quam</strong></span> <span class='ocrx_word' id='word_1_35' title='bbox 521 852 610 905; x_wconf 88' lang='lat' dir='ltr'><strong>diu</strong></span> <span class='ocrx_word' id='word_1_36' title='bbox 649 855 780 906; x_wconf 81' lang='lat' dir='ltr'><strong>vixit</strong></span> <span class='ocrx_word' id='word_1_37' title='bbox 816 857 881 907; x_wconf 88' lang='grc'><strong>43</strong></span> <span class='ocrx_word' id='word_1_38' title='bbox 977 876 982 883; x_wconf 92' lang='grc'><em>·</em></span> 
     </span>
    </p>
   </div>
   <div class='ocr_carea' id='block_1_4' title="bbox 256 919 1330 990">
    <p class='ocr_par' dir='ltr' id='par_1_5' title="bbox 256 919 1330 990">
     <span class='ocr_line' id='line_1_9' title="bbox 256 919 1330 990; baseline 0.007 -21"><span class='ocrx_word' id='word_1_39' title='bbox 256 919 413 984; x_wconf 88' lang='lat' dir='ltr'><strong>longe</strong></span> <span class='ocrx_word' id='word_1_40' title='bbox 449 919 583 986; x_wconf 78' lang='lat' dir='ltr'><strong>fugit</strong></span> <span class='ocrx_word' id='word_1_41' title='bbox 619 922 852 989; x_wconf 83' lang='lat' dir='ltr'><strong>quisquis</strong></span> <span class='ocrx_word' id='word_1_42' title='bbox 897 938 1020 976; x_wconf 87' lang='lat' dir='ltr'><strong>suos</strong></span> <span class='ocrx_word' id='word_1_43' title='bbox 1056 923 1187 990; x_wconf 82' lang='lat' dir='ltr'><strong>fugit</strong></span> <span class='ocrx_word' id='word_1_44' title='bbox 1222 926 1286 977; x_wconf 91' lang='lat'><strong>43</strong></span> <span class='ocrx_word' id='word_1_45' title='bbox 1327 942 1330 945; x_wconf 93' lang='lat'>·</span> 
     </span>
    </p>
   </div>
   <div class='ocr_carea' id='block_1_5' title="bbox 260 986 1287 1105">
    <p class='ocr_par' dir='ltr' id='par_1_6' title="bbox 260 986 1287 1105">
     <span class='ocr_line' id='line_1_10' title="bbox 260 986 1287 1105; baseline 0.007 -68"><span class='ocrx_word' id='word_1_46' title='bbox 260 986 540 1105; x_wconf 68' lang='lat' dir='ltr'><strong>sullcipedia</strong></span> <span class='ocrx_word' id='word_1_47' title='bbox 568 992 632 1042; x_wconf 91' lang='lat'><strong>75</strong></span> <span class='ocrx_word' id='word_1_48' title='bbox 682 1006 819 1055; x_wconf 83' lang='lat' dir='ltr'><strong>quae</strong></span> <span class='ocrx_word' id='word_1_49' title='bbox 841 1008 896 1041; x_wconf 73' lang='lat' dir='ltr'><strong>se</strong></span> <span class='ocrx_word' id='word_1_50' title='bbox 919 992 1096 1043; x_wconf 79' lang='lat' dir='ltr'><strong>studet</strong></span> <span class='ocrx_word' id='word_1_51' title='bbox 1116 994 1287 1044; x_wconf 75' lang='lat' dir='ltr'><strong>eaetol-</strong></span> 
     </span>
     <span class='ocr_line' id='line_1_11' title="bbox 350 1071 437 1105; baseline 0 0"><span class='ocrx_word' id='word_1_52' title='bbox 350 1071 437 1105; x_wconf 80' lang='lat' dir='ltr'><strong>ere</strong></span> 
     </span>
    </p>
   </div>
   <div class='ocr_carea' id='block_1_6' title="bbox 259 1123 843 1189">
    <p class='ocr_par' dir='ltr' id='par_1_7' title="bbox 259 1123 843 1189">
     <span class='ocr_line' id='line_1_12' title="bbox 259 1123 843 1189; baseline 0.014 -17"><span class='ocrx_word' id='word_1_53' title='bbox 259 1123 506 1189; x_wconf 79' lang='lat' dir='ltr'><strong>fuliginea</strong></span> <span class='ocrx_word' id='word_1_54' title='bbox 545 1123 707 1177; x_wconf 89' lang='lat' dir='ltr'><strong>nubes</strong></span> <span class='ocrx_word' id='word_1_55' title='bbox 745 1128 843 1179; x_wconf 87' lang='lat'><strong>108</strong></span> 
     </span>
    </p>
   </div>
   <div class='ocr_carea' id='block_1_7' title="bbox 260 1191 1059 1315">
    <p class='ocr_par' dir='ltr' id='par_1_8' title="bbox 260 1191 1059 1315">
     <span class='ocr_line' id='line_1_13' title="bbox 261 1191 638 1246; baseline 0.008 -5"><span class='ocrx_word' id='word_1_56' title='bbox 261 1191 496 1243; x_wconf 84' lang='lat' dir='ltr'><strong>furcifera</strong></span> <span class='ocrx_word' id='word_1_57' title='bbox 538 1194 638 1246; x_wconf 85' lang='lat'><strong>132</strong></span> 
     </span>
     <span class='ocr_line' id='line_1_14' title="bbox 260 1259 1059 1315; baseline 0.008 -6"><span class='ocrx_word' id='word_1_58' title='bbox 260 1274 375 1310; x_wconf 90' lang='lat' dir='ltr'><strong>cum</strong></span> <span class='ocrx_word' id='word_1_59' title='bbox 411 1260 788 1313; x_wconf 81' lang='lat' dir='ltr'><strong>insanientibus</strong></span> <span class='ocrx_word' id='word_1_60' title='bbox 825 1259 991 1313; x_wconf 79' lang='lat' dir='ltr'><strong>furere</strong></span> <span class='ocrx_word' id='word_1_61' title='bbox 1029 1263 1059 1315; x_wconf 85' lang='lat'>3</span> 
     </span>
    </p>
   </div>
   <div class='ocr_carea' id='block_1_8' title="bbox 257 1380 1284 2125">
    <p class='ocr_par' dir='ltr' id='par_1_9' title="bbox 261 1380 673 1442">
     <span class='ocr_line' id='line_1_15' title="bbox 261 1380 673 1442; baseline 0.005 -14"><span class='ocrx_word' id='word_1_62' title='bbox 261 1382 466 1442; x_wconf 86' lang='lat' dir='ltr'><strong>gastrae</strong></span> <span class='ocrx_word' id='word_1_63' title='bbox 506 1380 572 1429; x_wconf 89' lang='lat'><strong>79</strong></span> <span class='ocrx_word' id='word_1_64' title='bbox 610 1381 673 1430; x_wconf 89' lang='lat'><strong>70</strong></span> 
     </span>
    </p>

    <p class='ocr_par' dir='ltr' id='par_1_10' title="bbox 258 1444 925 1511">
     <span class='ocr_line' id='line_1_16' title="bbox 258 1444 925 1511; baseline 0.004 -15"><span class='ocrx_word' id='word_1_65' title='bbox 258 1444 589 1511; x_wconf 83' lang='lat' dir='ltr'><strong>gaudimonio</strong></span> <span class='ocrx_word' id='word_1_66' title='bbox 627 1445 828 1498; x_wconf 87' lang='lat' dir='ltr'><strong>dissilio</strong></span> <span class='ocrx_word' id='word_1_67' title='bbox 864 1449 925 1499; x_wconf 88' lang='grc'><strong>61</strong></span> 
     </span>
    </p>

    <p class='ocr_par' dir='ltr' id='par_1_11' title="bbox 258 1514 1284 1582">
     <span class='ocr_line' id='line_1_17' title="bbox 258 1514 1284 1582; baseline 0.004 -18"><span class='ocrx_word' id='word_1_68' title='bbox 258 1527 489 1580; x_wconf 80' lang='lat' dir='ltr'><strong>gausapa</strong></span> <span class='ocrx_word' id='word_1_69' title='bbox 525 1516 588 1567; x_wconf 87' lang='lat'><strong>21</strong></span> <span class='ocrx_word' id='word_1_70' title='bbox 630 1517 695 1567; x_wconf 84' lang='lat'><strong>29</strong></span> <span class='ocrx_word' id='word_1_71' title='bbox 765 1514 873 1580; x_wconf 91' lang='lat' dir='ltr'><strong>apri</strong></span> <span class='ocrx_word' id='word_1_72' title='bbox 916 1515 1182 1582; x_wconf 84' lang='lat' dir='ltr'><strong>g&#39;ausapati</strong></span> <span class='ocrx_word' id='word_1_73' title='bbox 1220 1517 1284 1568; x_wconf 88' lang='lat'><strong>38</strong></span> 
     </span>
    </p>

    <p class='ocr_par' dir='ltr' id='par_1_12' title="bbox 258 1582 1193 1648">
     <span class='ocr_line' id='line_1_18' title="bbox 258 1582 1193 1648; baseline 0.003 -16"><span class='ocrx_word' id='word_1_74' title='bbox 258 1596 411 1633; x_wconf 90' lang='lat' dir='ltr'><strong>omne</strong></span> <span class='ocrx_word' id='word_1_75' title='bbox 447 1596 612 1646; x_wconf 88' lang='lat' dir='ltr'><strong>genus</strong></span> <span class='ocrx_word' id='word_1_76' title='bbox 647 1597 799 1648; x_wconf 89' lang='lat' dir='ltr'><strong>poma</strong></span> <span class='ocrx_word' id='word_1_77' title='bbox 835 1583 955 1634; x_wconf 86' lang='lat' dir='ltr'><strong>volo</strong></span> <span class='ocrx_word' id='word_1_78' title='bbox 996 1582 1098 1634; x_wconf 93' lang='lat' dir='ltr'><strong>sint</strong></span> <span class='ocrx_word' id='word_1_79' title='bbox 1134 1586 1193 1635; x_wconf 94' lang='lat'><strong>71</strong></span> 
     </span>
    </p>

    <p class='ocr_par' dir='ltr' id='par_1_13' title="bbox 258 1648 1282 1730">
     <span class='ocr_line' id='line_1_19' title="bbox 258 1648 1282 1730; baseline 0.003 -30"><span class='ocrx_word' id='word_1_80' title='bbox 258 1648 546 1730; x_wconf 68' lang='lat' dir='ltr'><strong>gingilipho</strong></span> <span class='ocrx_word' id='word_1_81' title='bbox 584 1650 836 1702; x_wconf 88' lang='lat' dir='ltr'><strong>sonabant</strong></span> <span class='ocrx_word' id='word_1_82' title='bbox 862 1652 924 1702; x_wconf 91' lang='lat'>73</span> <span class='ocrx_word' id='word_1_83' title='bbox 952 1649 1023 1711; x_wconf 79' lang='lat' dir='ltr'><strong>cl&#39;.</strong></span> <span class='ocrx_word' id='word_1_84' title='bbox 1046 1648 1282 1722; x_wconf 75' lang='grc' dir='ltr'><strong>γιγγλισ-</strong></span> 
     </span>
    </p>

    <p class='ocr_par' dir='ltr' id='par_1_14' title="bbox 257 1736 992 1849">
     <span class='ocr_line' id='line_1_20' title="bbox 257 1736 992 1849; baseline 0.001 -12"><span class='ocrx_word' id='word_1_85' title='bbox 257 1736 512 1837; x_wconf 53' lang='grc' dir='ltr'><em>οοςοζυω</em></span> <span class='ocrx_word' id='word_1_86' title='bbox 549 1783 614 1835; x_wconf 91' lang='lat' dir='ltr'><strong>de</strong></span> <span class='ocrx_word' id='word_1_87' title='bbox 652 1783 889 1849; x_wconf 85' lang='lat' dir='ltr'><strong>gloriosis</strong></span> <span class='ocrx_word' id='word_1_88' title='bbox 929 1789 992 1838; x_wconf 90' lang='lat'><strong>75</strong></span> 
     </span>
    </p>

    <p class='ocr_par' dir='ltr' id='par_1_15' title="bbox 258 1852 1283 2125">
     <span class='ocr_line' id='line_1_21' title="bbox 258 1852 1282 1918; baseline 0.004 -14"><span class='ocrx_word' id='word_1_89' title='bbox 258 1853 419 1904; x_wconf 86' lang='lat' dir='ltr'><strong>veluti</strong></span> <span class='ocrx_word' id='word_1_90' title='bbox 468 1856 676 1918; x_wconf 87' lang='lat' dir='ltr'><strong>gustum</strong></span> <span class='ocrx_word' id='word_1_91' title='bbox 713 1852 980 1906; x_wconf 87' lang='lat' dir='ltr'><strong>hauseram</strong></span> <span class='ocrx_word' id='word_1_92' title='bbox 1015 1856 1181 1906; x_wconf 89' lang='lat' dir='ltr'><strong>somni</strong></span> <span class='ocrx_word' id='word_1_93' title='bbox 1219 1857 1282 1909; x_wconf 92' lang='grc'><strong>22</strong></span> 
     </span>
     <span class='ocr_line' id='line_1_22' title="bbox 325 1920 1283 1988; baseline 0.003 -15"><span class='ocrx_word' id='word_1_94' title='bbox 325 1935 430 1973; x_wconf 88' lang='lat' dir='ltr'><strong>non</strong></span> <span class='ocrx_word' id='word_1_95' title='bbox 464 1920 541 1971; x_wconf 87' lang='lat' dir='ltr'><strong>mi</strong></span> <span class='ocrx_word' id='word_1_96' title='bbox 566 1920 692 1972; x_wconf 90' lang='lat' dir='ltr'><strong>haec</strong></span> <span class='ocrx_word' id='word_1_97' title='bbox 715 1921 907 1974; x_wconf 84' lang='lat' dir='ltr'><strong>iactura</strong></span> <span class='ocrx_word' id='word_1_98' title='bbox 935 1924 1070 1988; x_wconf 88' lang='lat' dir='ltr'><strong>gusti</strong></span> <span class='ocrx_word' id='word_1_99' title='bbox 1097 1923 1194 1975; x_wconf 83' lang='lat' dir='ltr'><strong>fuit</strong></span> <span class='ocrx_word' id='word_1_100' title='bbox 1220 1927 1283 1977; x_wconf 83' lang='lat'><strong>76</strong></span> 
     </span>
     <span class='ocr_line' id='line_1_23' title="bbox 327 1988 1282 2059; baseline 0.002 -18"><span class='ocrx_word' id='word_1_101' title='bbox 327 2003 423 2041; x_wconf 89' lang='lat' dir='ltr'><strong>nec</strong></span> <span class='ocrx_word' id='word_1_102' title='bbox 450 2003 564 2054; x_wconf 86' lang='lat' dir='ltr'><strong>cum</strong></span> <span class='ocrx_word' id='word_1_103' title='bbox 590 1988 681 2040; x_wconf 89' lang='lat' dir='ltr'><strong>illo</strong></span> <span class='ocrx_word' id='word_1_104' title='bbox 742 2004 892 2041; x_wconf 88' lang='lat' dir='ltr'><strong>anem</strong></span> <span class='ocrx_word' id='word_1_105' title='bbox 910 1995 1116 2056; x_wconf 88' lang='lat' dir='ltr'><strong>gustare</strong></span> <span class='ocrx_word' id='word_1_106' title='bbox 1139 1993 1282 2059; x_wconf 90' lang='lat' dir='ltr'><strong>potui</strong></span> 
     </span>
     <span class='ocr_line' id='line_1_24' title="bbox 329 2056 1248 2125; baseline 0.003 -16"><span class='ocrx_word' id='word_1_107' title='bbox 329 2060 394 2116; x_wconf 83' lang='lat'><strong>62</strong></span> <span class='ocrx_word' id='word_1_108' title='bbox 469 2056 660 2122; x_wconf 86' lang='lat' dir='ltr'><strong>aliquid</strong></span> <span class='ocrx_word' id='word_1_109' title='bbox 734 2072 761 2108; x_wconf 93' lang='lat' dir='ltr'><strong>e</strong></span> <span class='ocrx_word' id='word_1_110' title='bbox 796 2058 906 2110; x_wconf 91' lang='lat' dir='ltr'><strong>iure</strong></span> <span class='ocrx_word' id='word_1_111' title='bbox 942 2064 1145 2125; x_wconf 87' lang='lat' dir='ltr'><strong>gustare</strong></span> <span class='ocrx_word' id='word_1_112' title='bbox 1182 2063 1248 2112; x_wconf 89' lang='grc'><strong>46</strong></span> 
     </span>
    </p>
   </div>
   <div class='ocr_carea' id='block_1_9' title="bbox 253 2174 1283 2652">
    <p class='ocr_par' dir='ltr' id='par_1_16' title="bbox 254 2174 840 2240">
     <span class='ocr_line' id='line_1_25' title="bbox 254 2174 840 2240; baseline 0.002 -14"><span class='ocrx_word' id='word_1_113' title='bbox 254 2175 436 2240; x_wconf 78' lang='lat' dir='ltr'><strong>habeS‚</strong></span> <span class='ocrx_word' id='word_1_114' title='bbox 471 2174 740 2226; x_wconf 87' lang='lat' dir='ltr'><strong>habeberis</strong></span> <span class='ocrx_word' id='word_1_115' title='bbox 779 2180 840 2227; x_wconf 96' lang='lat'><strong>77</strong></span> 
     </span>
    </p>

    <p class='ocr_par' dir='ltr' id='par_1_17' title="bbox 253 2243 852 2298">
     <span class='ocr_line' id='line_1_26' title="bbox 253 2243 852 2298; baseline 0.005 -3"><span class='ocrx_word' id='word_1_116' title='bbox 253 2243 438 2296; x_wconf 87' lang='lat' dir='ltr'><strong>hilaria</strong></span> <span class='ocrx_word' id='word_1_117' title='bbox 476 2257 613 2295; x_wconf 84' lang='lat' dir='ltr'><strong>mera</strong></span> <span class='ocrx_word' id='word_1_118' title='bbox 651 2243 753 2296; x_wconf 87' lang='lat' dir='ltr'><strong>sint</strong></span> <span class='ocrx_word' id='word_1_119' title='bbox 787 2246 852 2298; x_wconf 87' lang='grc'><strong>61</strong></span> 
     </span>
    </p>

    <p class='ocr_par' dir='ltr' id='par_1_18' title="bbox 256 2311 838 2364">
     <span class='ocr_line' id='line_1_27' title="bbox 256 2311 838 2364; baseline 0 0"><span class='ocrx_word' id='word_1_120' title='bbox 256 2313 433 2364; x_wconf 86' lang='lat' dir='ltr'><strong>hircus</strong></span> <span class='ocrx_word' id='word_1_121' title='bbox 469 2313 522 2363; x_wconf 91' lang='lat' dir='ltr'><strong>in</strong></span> <span class='ocrx_word' id='word_1_122' title='bbox 558 2311 737 2364; x_wconf 83' lang='lat' dir='ltr'><strong>ervilia</strong></span> <span class='ocrx_word' id='word_1_123' title='bbox 775 2315 838 2364; x_wconf 84' lang='lat'><strong>57</strong></span> 
     </span>
    </p>

    <p class='ocr_par' dir='ltr' id='par_1_19' title="bbox 257 2379 1239 2447">
     <span class='ocr_line' id='line_1_28' title="bbox 257 2379 1239 2447; baseline 0 -14"><span class='ocrx_word' id='word_1_124' title='bbox 257 2380 400 2447; x_wconf 84' lang='lat' dir='ltr'><strong>quod</strong></span> <span class='ocrx_word' id='word_1_125' title='bbox 437 2379 591 2432; x_wconf 84' lang='lat' dir='ltr'><strong>hodie</strong></span> <span class='ocrx_word' id='word_1_126' title='bbox 627 2395 729 2433; x_wconf 89' lang='lat' dir='ltr'><strong>uon</strong></span> <span class='ocrx_word' id='word_1_127' title='bbox 764 2387 861 2445; x_wconf 91' lang='lat' dir='ltr'><strong>est,</strong></span> <span class='ocrx_word' id='word_1_128' title='bbox 899 2395 1010 2433; x_wconf 88' lang='lat' dir='ltr'><strong>cras</strong></span> <span class='ocrx_word' id='word_1_129' title='bbox 1045 2383 1140 2433; x_wconf 87' lang='lat' dir='ltr'><strong>erit</strong></span> <span class='ocrx_word' id='word_1_130' title='bbox 1176 2383 1239 2434; x_wconf 91' lang='lat'>45</span> 
     </span>
    </p>

    <p class='ocr_par' dir='ltr' id='par_1_20' title="bbox 258 2449 1283 2652">
     <span class='ocr_line' id='line_1_29' title="bbox 258 2449 1277 2503; baseline 0.001 -2"><span class='ocrx_word' id='word_1_131' title='bbox 258 2449 521 2501; x_wconf 88' lang='lat' dir='ltr'><strong>hominem</strong></span> <span class='ocrx_word' id='word_1_132' title='bbox 558 2450 689 2499; x_wconf 87' lang='lat' dir='ltr'><strong>inter</strong></span> <span class='ocrx_word' id='word_1_133' title='bbox 724 2449 958 2502; x_wconf 87' lang='lat' dir='ltr'><strong>homines</strong></span> <span class='ocrx_word' id='word_1_134' title='bbox 981 2464 1095 2502; x_wconf 88' lang='lat' dir='ltr'><strong>esse</strong></span> <span class='ocrx_word' id='word_1_135' title='bbox 1119 2452 1185 2503; x_wconf 84' lang='lat'>39</span> <span class='ocrx_word' id='word_1_136' title='bbox 1216 2454 1277 2502; x_wconf 93' lang='lat'><strong>57</strong></span> 
     </span>
     <span class='ocr_line' id='line_1_30' title="bbox 323 2515 1280 2580; baseline 0.002 -12"><span class='ocrx_word' id='word_1_137' title='bbox 323 2516 497 2568; x_wconf 80' lang='lat' dir='ltr'><strong>facere</strong></span> <span class='ocrx_word' id='word_1_138' title='bbox 535 2519 600 2568; x_wconf 92' lang='lat'>74</span> <span class='ocrx_word' id='word_1_139' title='bbox 667 2515 945 2580; x_wconf 82' lang='lat' dir='ltr'><strong>discordia,</strong></span> <span class='ocrx_word' id='word_1_140' title='bbox 990 2532 1092 2569; x_wconf 91' lang='lat' dir='ltr'><strong>non</strong></span> <span class='ocrx_word' id='word_1_141' title='bbox 1129 2519 1280 2570; x_wconf 85' lang='lat' dir='ltr'><strong>homo</strong></span> 
     </span>
     <span class='ocr_line' id='line_1_31' title="bbox 325 2584 1283 2652; baseline 0.002 -16"><span class='ocrx_word' id='word_1_142' title='bbox 325 2586 392 2636; x_wconf 90' lang='grc'><strong>43</strong></span> <span class='ocrx_word' id='word_1_143' title='bbox 465 2584 625 2651; x_wconf 84' lang='lat' dir='ltr'><strong>piper,</strong></span> <span class='ocrx_word' id='word_1_144' title='bbox 662 2586 773 2636; x_wconf 83' lang='lat' dir='ltr'><strong>non·</strong></span> <span class='ocrx_word' id='word_1_145' title='bbox 799 2586 954 2637; x_wconf 89' lang='lat' dir='ltr'><strong>homo</strong></span> <span class='ocrx_word' id='word_1_146' title='bbox 988 2588 1056 2638; x_wconf 91' lang='grc'><strong>44</strong></span> <span class='ocrx_word' id='word_1_147' title='bbox 1123 2587 1283 2652; x_wconf 88' lang='lat' dir='ltr'><strong>phan-</strong></span> 
     </span>
    </p>
   </div>
   <div class='ocr_carea' id='block_1_10' title="bbox 323 2652 1322 2717">
    <p class='ocr_par' dir='ltr' id='par_1_21' title="bbox 323 2652 1322 2717">
     <span class='ocr_line' id='line_1_32' title="bbox 323 2652 1322 2717; baseline 0 -13"><span class='ocrx_word' id='word_1_148' title='bbox 323 2652 473 2715; x_wconf 90' lang='lat' dir='ltr'><strong>tasia,</strong></span> <span class='ocrx_word' id='word_1_149' title='bbox 493 2667 596 2703; x_wconf 90' lang='lat' dir='ltr'><strong>non</strong></span> <span class='ocrx_word' id='word_1_150' title='bbox 623 2652 775 2705; x_wconf 89' lang='lat' dir='ltr'><strong>homo</strong></span> <span class='ocrx_word' id='word_1_151' title='bbox 800 2656 863 2705; x_wconf 90' lang='lat'><strong>38</strong></span> <span class='ocrx_word' id='word_1_152' title='bbox 881 2653 1147 2717; x_wconf 77' lang='lat' dir='ltr'><strong>(similiter</strong></span> <span class='ocrx_word' id='word_1_153' title='bbox 1170 2656 1281 2706; x_wconf 84' lang='lat' dir='ltr'><strong>alia</strong></span> <span class='ocrx_word' id='word_1_154' title='bbox 1318 2661 1322 2666; x_wconf 81' lang='grc'><em>·</em></span> 
     </span>
    </p>
   </div>
   <div class='ocr_carea' id='block_1_11' title="bbox 322 2720 1283 2844">
    <p class='ocr_par' dir='ltr' id='par_1_22' title="bbox 322 2720 1283 2844">
     <span class='ocr_line' id='line_1_33' title="bbox 322 2720 1283 2788; baseline 0.005 -18"><span class='ocrx_word' id='word_1_155' title='bbox 322 2726 388 2771; x_wconf 80' lang='lat' dir='ltr'><strong>ut</strong></span> <span class='ocrx_word' id='word_1_156' title='bbox 440 2720 629 2782; x_wconf 73' lang='lat' dir='ltr'><strong>codeX,</strong></span> <span class='ocrx_word' id='word_1_157' title='bbox 686 2736 788 2772; x_wconf 92' lang='lat' dir='ltr'><strong>non</strong></span> <span class='ocrx_word' id='word_1_158' title='bbox 842 2722 1024 2773; x_wconf 87' lang='lat' dir='ltr'><strong>mulier</strong></span> <span class='ocrx_word' id='word_1_159' title='bbox 1069 2725 1156 2788; x_wconf 91' lang='lat'>74)</span> <span class='ocrx_word' id='word_1_160' title='bbox 1189 2723 1283 2775; x_wconf 92' lang='lat' dir='ltr'><strong>ho-</strong></span> 
     </span>
     <span class='ocr_line' id='line_1_34' title="bbox 323 2788 1279 2844; baseline 0.002 -2"><span class='ocrx_word' id='word_1_161' title='bbox 323 2788 531 2842; x_wconf 88' lang='lat' dir='ltr'><strong>muncio</strong></span> <span class='ocrx_word' id='word_1_162' title='bbox 567 2789 635 2840; x_wconf 91' lang='grc'><strong>34</strong></span> <span class='ocrx_word' id='word_1_163' title='bbox 671 2790 736 2841; x_wconf 88' lang='grc'><strong>66</strong></span> <span class='ocrx_word' id='word_1_164' title='bbox 809 2789 1179 2843; x_wconf 88' lang='lat' dir='ltr'><strong>homunciones</strong></span> <span class='ocrx_word' id='word_1_165' title='bbox 1214 2793 1279 2844; x_wconf 87' lang='grc'><strong>56</strong></span> 
     </span>
    </p>
   </div>
   <div class='ocr_carea' id='block_1_12' title="bbox 253 2856 1322 2926">
    <p class='ocr_par' dir='ltr' id='par_1_23' title="bbox 253 2856 1322 2926">
     <span class='ocr_line' id='line_1_35' title="bbox 253 2856 1322 2926; baseline 0.006 -17"><span class='ocrx_word' id='word_1_166' title='bbox 253 2857 489 2923; x_wconf 84' lang='lat' dir='ltr'><strong>positum</strong></span> <span class='ocrx_word' id='word_1_167' title='bbox 534 2856 587 2907; x_wconf 90' lang='lat' dir='ltr'><strong>in</strong></span> <span class='ocrx_word' id='word_1_168' title='bbox 635 2856 910 2923; x_wconf 82' lang='lat' dir='ltr'><strong>hypogaeo</strong></span> <span class='ocrx_word' id='word_1_169' title='bbox 960 2873 1144 2926; x_wconf 88' lang='lat' dir='ltr'><strong>corpus</strong></span> <span class='ocrx_word' id='word_1_170' title='bbox 1184 2861 1280 2913; x_wconf 92' lang='grc'><strong>112</strong></span> <span class='ocrx_word' id='word_1_171' title='bbox 1318 2910 1322 2917; x_wconf 93' lang='grc'>.</span> 
     </span>
    </p>
   </div>
   <div class='ocr_carea' id='block_1_13' title="bbox 247 2974 1284 3572">
    <p class='ocr_par' dir='ltr' id='par_1_24' title="bbox 254 2974 902 3041">
     <span class='ocr_line' id='line_1_36' title="bbox 254 2974 902 3041; baseline 0.002 -14"><span class='ocrx_word' id='word_1_172' title='bbox 254 2990 363 3029; x_wconf 91' lang='lat' dir='ltr'><strong>non</strong></span> <span class='ocrx_word' id='word_1_173' title='bbox 398 2976 686 3041; x_wconf 88' lang='lat' dir='ltr'><strong>impropero</strong></span> <span class='ocrx_word' id='word_1_174' title='bbox 723 2974 800 3025; x_wconf 77' lang='lat' dir='ltr'><strong>ilfi</strong></span> <span class='ocrx_word' id='word_1_175' title='bbox 837 2977 902 3028; x_wconf 90' lang='grc'><strong>38</strong></span> 
     </span>
    </p>

    <p class='ocr_par' dir='ltr' id='par_1_25' title="bbox 254 3043 1280 3234">
     <span class='ocr_line' id='line_1_37' title="bbox 254 3043 1280 3106; baseline 0.002 -11"><span class='ocrx_word' id='word_1_176' title='bbox 254 3046 307 3095; x_wconf 91' lang='lat' dir='ltr'><strong>in</strong></span> <span class='ocrx_word' id='word_1_177' title='bbox 350 3043 751 3106; x_wconf 84' lang='lat' dir='ltr'><strong>controversiam</strong></span> <span class='ocrx_word' id='word_1_178' title='bbox 775 3057 888 3095; x_wconf 89' lang='lat' dir='ltr'><strong>esse</strong></span> <span class='ocrx_word' id='word_1_179' title='bbox 917 3046 977 3096; x_wconf 87' lang='lat'><strong>15</strong></span> <span class='ocrx_word' id='word_1_180' title='bbox 1027 3044 1100 3096; x_wconf 83' lang='lat' dir='ltr'><strong>fui</strong></span> <span class='ocrx_word' id='word_1_181' title='bbox 1124 3046 1176 3097; x_wconf 92' lang='lat' dir='ltr'><strong>in</strong></span> <span class='ocrx_word' id='word_1_182' title='bbox 1202 3046 1280 3098; x_wconf 85' lang='lat' dir='ltr'><strong>fu-</strong></span> 
     </span>
     <span class='ocr_line' id='line_1_38' title="bbox 325 3110 1280 3178; baseline 0.005 -15"><span class='ocrx_word' id='word_1_183' title='bbox 325 3126 425 3163; x_wconf 87' lang='lat' dir='ltr'><strong>nus</strong></span> <span class='ocrx_word' id='word_1_184' title='bbox 451 3114 516 3163; x_wconf 87' lang='lat'>42</span> <span class='ocrx_word' id='word_1_185' title='bbox 571 3110 757 3162; x_wconf 86' lang='lat' dir='ltr'><strong>videbo</strong></span> <span class='ocrx_word' id='word_1_186' title='bbox 784 3117 834 3176; x_wconf 86' lang='lat' dir='ltr'><strong>te</strong></span> <span class='ocrx_word' id='word_1_187' title='bbox 858 3112 910 3162; x_wconf 93' lang='lat' dir='ltr'><strong>in</strong></span> <span class='ocrx_word' id='word_1_188' title='bbox 935 3113 1196 3178; x_wconf 88' lang='lat' dir='ltr'><strong>publicum</strong></span> <span class='ocrx_word' id='word_1_189' title='bbox 1216 3117 1280 3169; x_wconf 91' lang='lat'><strong>58</strong></span> 
     </span>
     <span class='ocr_line' id='line_1_39' title="bbox 323 3179 1078 3234; baseline 0.004 -4"><span class='ocrx_word' id='word_1_190' title='bbox 323 3194 457 3233; x_wconf 83' lang='lat' dir='ltr'><strong>voca</strong></span> <span class='ocrx_word' id='word_1_191' title='bbox 497 3194 676 3230; x_wconf 89' lang='lat' dir='ltr'><strong>cocum</strong></span> <span class='ocrx_word' id='word_1_192' title='bbox 715 3179 766 3229; x_wconf 92' lang='lat' dir='ltr'><strong>in</strong></span> <span class='ocrx_word' id='word_1_193' title='bbox 804 3179 972 3232; x_wconf 89' lang='lat' dir='ltr'><strong>medio</strong></span> <span class='ocrx_word' id='word_1_194' title='bbox 1011 3183 1078 3234; x_wconf 89' lang='grc'><strong>48</strong></span> 
     </span>
    </p>

    <p class='ocr_par' dir='ltr' id='par_1_26' title="bbox 254 3246 1284 3381">
     <span class='ocr_line' id='line_1_40' title="bbox 254 3246 1284 3303; baseline 0.003 -4"><span class='ocrx_word' id='word_1_195' title='bbox 254 3263 362 3301; x_wconf 92' lang='lat' dir='ltr'><strong>non</strong></span> <span class='ocrx_word' id='word_1_196' title='bbox 378 3247 637 3299; x_wconf 87' lang='lat' dir='ltr'><strong>indecenti</strong></span> <span class='ocrx_word' id='word_1_197' title='bbox 657 3246 760 3297; x_wconf 83' lang='lat' dir='ltr'><strong>risu</strong></span> <span class='ocrx_word' id='word_1_198' title='bbox 783 3249 847 3300; x_wconf 86' lang='lat'><strong>20</strong></span> <span class='ocrx_word' id='word_1_199' title='bbox 885 3264 986 3300; x_wconf 88' lang='lat' dir='ltr'><strong>non</strong></span> <span class='ocrx_word' id='word_1_200' title='bbox 1008 3248 1284 3303; x_wconf 87' lang='lat' dir='ltr'><strong>indelecta-</strong></span> 
     </span>
     <span class='ocr_line' id='line_1_41' title="bbox 325 3316 1148 3381; baseline 0.004 -14"><span class='ocrx_word' id='word_1_201' title='bbox 325 3322 412 3367; x_wconf 87' lang='lat' dir='ltr'><strong>tus</strong></span> <span class='ocrx_word' id='word_1_202' title='bbox 450 3317 511 3369; x_wconf 91' lang='lat'><strong>87</strong></span> <span class='ocrx_word' id='word_1_203' title='bbox 585 3329 690 3365; x_wconf 90' lang='lat' dir='ltr'><strong>non</strong></span> <span class='ocrx_word' id='word_1_204' title='bbox 727 3316 1046 3381; x_wconf 89' lang='lat' dir='ltr'><strong>inspeciosus</strong></span> <span class='ocrx_word' id='word_1_205' title='bbox 1084 3322 1148 3370; x_wconf 92' lang='lat'>74</span> 
     </span>
    </p>

    <p class='ocr_par' dir='ltr' id='par_1_27' title="bbox 250 3384 1021 3449">
     <span class='ocr_line' id='line_1_42' title="bbox 250 3384 1021 3449; baseline 0 -12"><span class='ocrx_word' id='word_1_206' title='bbox 250 3385 574 3437; x_wconf 84' lang='lat' dir='ltr'><strong>introversus</strong></span> <span class='ocrx_word' id='word_1_207' title='bbox 613 3398 667 3434; x_wconf 90' lang='lat' dir='ltr'><strong>se</strong></span> <span class='ocrx_word' id='word_1_208' title='bbox 705 3384 920 3449; x_wconf 90' lang='lat' dir='ltr'><strong>proiecit</strong></span> <span class='ocrx_word' id='word_1_209' title='bbox 956 3387 1021 3437; x_wconf 83' lang='lat'><strong>63</strong></span> 
     </span>
    </p>

    <p class='ocr_par' dir='ltr' id='par_1_28' title="bbox 247 3451 1283 3572">
     <span class='ocr_line' id='line_1_43' title="bbox 247 3451 1283 3520; baseline 0.003 -17"><span class='ocrx_word' id='word_1_210' title='bbox 247 3454 456 3520; x_wconf 88' lang='lat' dir='ltr'><strong>ipsuma</strong></span> <span class='ocrx_word' id='word_1_211' title='bbox 478 3466 591 3502; x_wconf 89' lang='lat' dir='ltr'><strong>mea</strong></span> <span class='ocrx_word' id='word_1_212' title='bbox 618 3452 683 3503; x_wconf 89' lang='grc'><strong>69</strong></span> <span class='ocrx_word' id='word_1_213' title='bbox 742 3451 921 3517; x_wconf 86' lang='lat' dir='ltr'><strong>ipsima</strong></span> <span class='ocrx_word' id='word_1_214' title='bbox 957 3457 1021 3505; x_wconf 87' lang='lat'><strong>75</strong></span> <span class='ocrx_word' id='word_1_215' title='bbox 1071 3454 1283 3520; x_wconf 88' lang='lat' dir='ltr'><strong>ipsimus</strong></span> 
     </span>
     <span class='ocr_line' id='line_1_44' title="bbox 324 3521 1245 3572; baseline 0.003 -2"><span class='ocrx_word' id='word_1_216' title='bbox 324 3524 502 3572; x_wconf 88' lang='lat' dir='ltr'><strong>noster</strong></span> <span class='ocrx_word' id='word_1_217' title='bbox 539 3521 600 3571; x_wconf 84' lang='lat'>63</span> <span class='ocrx_word' id='word_1_218' title='bbox 642 3522 705 3572; x_wconf 97' lang='lat'><strong>75</strong></span> <span class='ocrx_word' id='word_1_219' title='bbox 743 3522 808 3571; x_wconf 86' lang='lat'><strong>76</strong></span> <span class='ocrx_word' id='word_1_220' title='bbox 1237 3521 1245 3530; x_wconf 84' lang='grc'><em>“</em></span> 
     </span>
    </p>
   </div>
   <div class='ocr_carea' id='block_1_14' title="bbox 244 3639 1285 4112">
    <p class='ocr_par' dir='ltr' id='par_1_29' title="bbox 244 3639 1285 4112">
     <span class='ocr_line' id='line_1_45' title="bbox 248 3639 1283 3706; baseline 0.002 -15"><span class='ocrx_word' id='word_1_221' title='bbox 248 3653 421 3706; x_wconf 89' lang='lat' dir='ltr'><strong>aeque</strong></span> <span class='ocrx_word' id='word_1_222' title='bbox 439 3654 597 3690; x_wconf 89' lang='lat' dir='ltr'><strong>unum</strong></span> <span class='ocrx_word' id='word_1_223' title='bbox 622 3639 807 3690; x_wconf 90' lang='lat' dir='ltr'><strong>lactem</strong></span> <span class='ocrx_word' id='word_1_224' title='bbox 835 3639 1072 3691; x_wconf 88' lang='lat' dir='ltr'><strong>biberunt</strong></span> <span class='ocrx_word' id='word_1_225' title='bbox 1094 3644 1151 3692; x_wconf 92' lang='lat'><strong>71</strong></span> <span class='ocrx_word' id='word_1_226' title='bbox 1182 3641 1283 3693; x_wconf 93' lang='lat' dir='ltr'><strong>lac-</strong></span> 
     </span>
     <span class='ocr_line' id='line_1_46' title="bbox 325 3706 1146 3773; baseline -0.002 -15"><span class='ocrx_word' id='word_1_227' title='bbox 325 3712 381 3758; x_wconf 87' lang='lat' dir='ltr'><strong>te</strong></span> <span class='ocrx_word' id='word_1_228' title='bbox 417 3706 756 3773; x_wconf 79' lang='lat' dir='ltr'><strong>gallinaceum</strong></span> <span class='ocrx_word' id='word_1_229' title='bbox 794 3708 859 3759; x_wconf 89' lang='grc'><strong>38</strong></span> <span class='ocrx_word' id='word_1_230' title='bbox 1141 3751 1146 3756; x_wconf 91' lang='grc'><em>.</em></span> 
     </span>
     <span class='ocr_line' id='line_1_47' title="bbox 246 3772 1285 3842; baseline 0.001 -15"><span class='ocrx_word' id='word_1_231' title='bbox 246 3776 432 3842; x_wconf 74' lang='lat' dir='ltr'><strong>frigori</strong></span> <span class='ocrx_word' id='word_1_232' title='bbox 479 3775 701 3827; x_wconf 88' lang='lat' dir='ltr'><strong>laecasin</strong></span> <span class='ocrx_word' id='word_1_233' title='bbox 739 3773 854 3826; x_wconf 88' lang='lat' dir='ltr'><strong>dico</strong></span> <span class='ocrx_word' id='word_1_234' title='bbox 893 3778 958 3827; x_wconf 87' lang='lat'>42</span> <span class='ocrx_word' id='word_1_235' title='bbox 1007 3772 1285 3840; x_wconf 79' lang='grc' dir='ltr'><strong><em>λαικάζειν</em></strong></span> 
     </span>
     <span class='ocr_line' id='line_1_48' title="bbox 245 3842 1284 3910; baseline 0.002 -15"><span class='ocrx_word' id='word_1_236' title='bbox 245 3842 546 3896; x_wconf 88' lang='lat' dir='ltr'><strong>lamellulas</strong></span> <span class='ocrx_word' id='word_1_237' title='bbox 583 3843 759 3910; x_wconf 85' lang='lat' dir='ltr'><strong>paravi</strong></span> <span class='ocrx_word' id='word_1_238' title='bbox 797 3846 859 3894; x_wconf 90' lang='lat'><strong>57</strong></span> <span class='ocrx_word' id='word_1_239' title='bbox 942 3849 1087 3910; x_wconf 87' lang='lat' dir='ltr'><strong>pater</strong></span> <span class='ocrx_word' id='word_1_240' title='bbox 1125 3845 1284 3897; x_wconf 78' lang='lat' dir='ltr'><strong>fetum</strong></span> 
     </span>
     <span class='ocr_line' id='line_1_49' title="bbox 319 3910 1282 3966; baseline 0.002 -2"><span class='ocrx_word' id='word_1_241' title='bbox 319 3913 447 3965; x_wconf 88' lang='lat' dir='ltr'><strong>emit</strong></span> <span class='ocrx_word' id='word_1_242' title='bbox 466 3911 672 3963; x_wconf 82' lang='lat' dir='ltr'><strong>lamna?</strong></span> <span class='ocrx_word' id='word_1_243' title='bbox 693 3914 756 3963; x_wconf 89' lang='grc'><strong>57</strong></span> <span class='ocrx_word' id='word_1_244' title='bbox 785 3910 957 3963; x_wconf 85' lang='lat' dir='ltr'><strong>defero</strong></span> <span class='ocrx_word' id='word_1_245' title='bbox 976 3912 1197 3964; x_wconf 89' lang='lat' dir='ltr'><strong>lamnam</strong></span> <span class='ocrx_word' id='word_1_246' title='bbox 1217 3915 1282 3966; x_wconf 85' lang='lat'><strong>58</strong></span> 
     </span>
     <span class='ocr_line' id='line_1_50' title="bbox 244 3978 1279 4047; baseline 0 -15"><span class='ocrx_word' id='word_1_247' title='bbox 244 3981 343 4047; x_wconf 89' lang='lat' dir='ltr'><strong>qui</strong></span> <span class='ocrx_word' id='word_1_248' title='bbox 367 3980 546 4032; x_wconf 91' lang='lat' dir='ltr'><strong>holera</strong></span> <span class='ocrx_word' id='word_1_249' title='bbox 572 3983 828 4045; x_wconf 87' lang='lat' dir='ltr'><strong>spectant,</strong></span> <span class='ocrx_word' id='word_1_250' title='bbox 863 3978 1061 4046; x_wconf 65' lang='lat' dir='ltr'><strong>lai-dnm</strong></span> <span class='ocrx_word' id='word_1_251' title='bbox 1089 3980 1279 4032; x_wconf 88' lang='lat' dir='ltr'><strong>tollunt</strong></span> 
     </span>
     <span class='ocr_line' id='line_1_51' title="bbox 321 4047 1190 4112; baseline 0.001 -11"><span class='ocrx_word' id='word_1_252' title='bbox 321 4050 388 4103; x_wconf 85' lang='lat'>39</span> <span class='ocrx_word' id='word_1_253' title='bbox 461 4047 660 4100; x_wconf 88' lang='lat' dir='ltr'><strong>lardum</strong></span> <span class='ocrx_word' id='word_1_254' title='bbox 696 4062 853 4112; x_wconf 71' lang='lat' dir='ltr'><strong>mera:</strong></span> <span class='ocrx_word' id='word_1_255' title='bbox 885 4049 1090 4099; x_wconf 74' lang='lat' dir='ltr'><strong>venalis</strong></span> <span class='ocrx_word' id='word_1_256' title='bbox 1125 4052 1190 4102; x_wconf 89' lang='grc'><strong>76</strong></span> 
     </span>
    </p>
   </div>
   <div class='ocr_carea' id='block_1_15' title="bbox 2294 289 2409 347">
    <p class='ocr_par' dir='ltr' id='par_1_30' title="bbox 2294 289 2409 347">
     <span class='ocr_line' id='line_1_52' title="bbox 2294 289 2409 347; baseline 0.017 -2"><span class='ocrx_word' id='word_1_257' title='bbox 2294 289 2409 347; x_wconf 85' lang='grc'><strong>131</strong></span> 
     </span>
    </p>
   </div>
   <div class='ocr_carea' id='block_1_16' title="bbox 1386 451 2493 1660">
    <p class='ocr_par' dir='ltr' id='par_1_31' title="bbox 1395 451 2104 522">
     <span class='ocr_line' id='line_1_53' title="bbox 1395 451 2104 522; baseline 0.01 -20"><span class='ocrx_word' id='word_1_258' title='bbox 1395 451 1464 502; x_wconf 87' lang='lat' dir='ltr'><strong>sit</strong></span> <span class='ocrx_word' id='word_1_259' title='bbox 1498 452 1759 504; x_wconf 83' lang='lat' dir='ltr'><strong>vinearum</strong></span> <span class='ocrx_word' id='word_1_260' title='bbox 1796 453 2007 522; x_wconf 88' lang='lat' dir='ltr'><strong>largiter</strong></span> <span class='ocrx_word' id='word_1_261' title='bbox 2045 459 2104 509; x_wconf 89' lang='lat'><strong>71</strong></span> 
     </span>
    </p>

    <p class='ocr_par' dir='ltr' id='par_1_32' title="bbox 1393 517 1709 586">
     <span class='ocr_line' id='line_1_54' title="bbox 1393 517 1709 586; baseline 0.013 -18"><span class='ocrx_word' id='word_1_262' title='bbox 1393 517 1610 586; x_wconf 79' lang='lat' dir='ltr'><strong>larifuga</strong></span> <span class='ocrx_word' id='word_1_263' title='bbox 1646 524 1709 572; x_wconf 89' lang='grc'><strong>57</strong></span> 
     </span>
    </p>

    <p class='ocr_par' dir='ltr' id='par_1_33' title="bbox 1392 586 2413 647">
     <span class='ocr_line' id='line_1_55' title="bbox 1392 586 2413 647; baseline 0.008 -9"><span class='ocrx_word' id='word_1_264' title='bbox 1392 586 1564 639; x_wconf 87' lang='lat' dir='ltr'><strong>laruas</strong></span> <span class='ocrx_word' id='word_1_265' title='bbox 1599 588 1726 641; x_wconf 84' lang='lat' dir='ltr'><strong>istos</strong></span> <span class='ocrx_word' id='word_1_266' title='bbox 1751 592 1818 641; x_wconf 89' lang='lat'><strong>44</strong></span> <span class='ocrx_word' id='word_1_267' title='bbox 1886 593 1943 641; x_wconf 92' lang='lat' dir='ltr'><strong>ut</strong></span> <span class='ocrx_word' id='word_1_268' title='bbox 1967 589 2108 643; x_wconf 88' lang='lat' dir='ltr'><strong>larua</strong></span> <span class='ocrx_word' id='word_1_269' title='bbox 2144 592 2323 645; x_wconf 88' lang='lat' dir='ltr'><strong>intravi</strong></span> <span class='ocrx_word' id='word_1_270' title='bbox 2346 598 2413 647; x_wconf 84' lang='lat'><strong>62</strong></span> 
     </span>
    </p>

    <p class='ocr_par' dir='ltr' id='par_1_34' title="bbox 1392 654 2159 723">
     <span class='ocr_line' id='line_1_56' title="bbox 1392 654 2159 723; baseline 0.009 -18"><span class='ocrx_word' id='word_1_271' title='bbox 1392 654 1507 707; x_wconf 88' lang='lat' dir='ltr'><strong>aliis</strong></span> <span class='ocrx_word' id='word_1_272' title='bbox 1544 655 1769 723; x_wconf 90' lang='lat' dir='ltr'><strong>leporem</strong></span> <span class='ocrx_word' id='word_1_273' title='bbox 1806 659 2027 710; x_wconf 84' lang='lat' dir='ltr'><strong>excitavi</strong></span> <span class='ocrx_word' id='word_1_274' title='bbox 2068 663 2159 714; x_wconf 87' lang='lat'><strong>131</strong></span> 
     </span>
    </p>

    <p class='ocr_par' dir='ltr' id='par_1_35' title="bbox 1390 722 1783 777">
     <span class='ocr_line' id='line_1_57' title="bbox 1390 722 1783 777; baseline 0.013 -4"><span class='ocrx_word' id='word_1_275' title='bbox 1390 722 1647 776; x_wconf 83' lang='lat' dir='ltr'><strong>levatores</strong></span> <span class='ocrx_word' id='word_1_276' title='bbox 1688 728 1783 777; x_wconf 89' lang='grc'><strong>140</strong></span> 
     </span>
    </p>

    <p class='ocr_par' dir='ltr' id='par_1_36' title="bbox 1391 791 2411 927">
     <span class='ocr_line' id='line_1_58' title="bbox 1391 791 2411 863; baseline 0.008 -22"><span class='ocrx_word' id='word_1_277' title='bbox 1391 806 1448 842; x_wconf 86' lang='lat' dir='ltr'><strong>ca</strong></span> <span class='ocrx_word' id='word_1_278' title='bbox 1489 791 1608 844; x_wconf 92' lang='lat' dir='ltr'><strong>illos</strong></span> <span class='ocrx_word' id='word_1_279' title='bbox 1643 792 1834 845; x_wconf 86' lang='lat' dir='ltr'><strong>liberos</strong></span> <span class='ocrx_word' id='word_1_280' title='bbox 1870 793 2058 847; x_wconf 87' lang='lat' dir='ltr'><strong>habere</strong></span> <span class='ocrx_word' id='word_1_281' title='bbox 2093 798 2157 849; x_wconf 91' lang='grc'><strong>38</strong></span> <span class='ocrx_word' id='word_1_282' title='bbox 2229 812 2411 863; x_wconf 90' lang='lat' dir='ltr'><strong>aquam</strong></span> 
     </span>
     <span class='ocr_line' id='line_1_59' title="bbox 1479 859 2001 927; baseline 0.01 -17"><span class='ocrx_word' id='word_1_283' title='bbox 1479 859 1672 912; x_wconf 87' lang='lat' dir='ltr'><strong>iberam</strong></span> <span class='ocrx_word' id='word_1_284' title='bbox 1706 865 1913 927; x_wconf 87' lang='lat' dir='ltr'><strong>gustare</strong></span> <span class='ocrx_word' id='word_1_285' title='bbox 1939 865 2001 916; x_wconf 91' lang='grc'><strong>71</strong></span> 
     </span>
    </p>

    <p class='ocr_par' dir='ltr' id='par_1_37' title="bbox 1391 928 2412 1063">
     <span class='ocr_line' id='line_1_60' title="bbox 1391 928 2412 996; baseline 0.005 -18"><span class='ocrx_word' id='word_1_286' title='bbox 1391 931 1506 978; x_wconf 89' lang='lat' dir='ltr'><strong>tace</strong></span> <span class='ocrx_word' id='word_1_287' title='bbox 1541 928 1735 994; x_wconf 84' lang='lat' dir='ltr'><strong>lingua,</strong></span> <span class='ocrx_word' id='word_1_288' title='bbox 1772 928 1905 989; x_wconf 89' lang='lat' dir='ltr'><strong>dabo</strong></span> <span class='ocrx_word' id='word_1_289' title='bbox 1930 945 2114 996; x_wconf 89' lang='lat' dir='ltr'><strong>panem</strong></span> <span class='ocrx_word' id='word_1_290' title='bbox 2136 934 2199 983; x_wconf 89' lang='grc'><strong>69</strong></span> <span class='ocrx_word' id='word_1_291' title='bbox 2226 931 2294 992; x_wconf 68' lang='lat' dir='ltr'><strong>cll</strong></span> <span class='ocrx_word' id='word_1_292' title='bbox 2331 948 2412 983; x_wconf 88' lang='lat' dir='ltr'><strong>ca·</strong></span> 
     </span>
     <span class='ocr_line' id='line_1_61' title="bbox 1461 996 1975 1063; baseline 0.008 -17"><span class='ocrx_word' id='word_1_293' title='bbox 1461 996 1539 1047; x_wconf 90' lang='lat' dir='ltr'><strong>nis</strong></span> <span class='ocrx_word' id='word_1_294' title='bbox 1608 996 1874 1063; x_wconf 88' lang='lat' dir='ltr'><strong>linguosus</strong></span> <span class='ocrx_word' id='word_1_295' title='bbox 1909 1000 1975 1050; x_wconf 89' lang='lat'><strong>43</strong></span> 
     </span>
    </p>

    <p class='ocr_par' dir='ltr' id='par_1_38' title="bbox 1389 1060 2409 1186">
     <span class='ocr_line' id='line_1_62' title="bbox 1389 1060 2409 1132; baseline 0.007 -20"><span class='ocrx_word' id='word_1_296' title='bbox 1389 1061 1543 1128; x_wconf 88' lang='lat' dir='ltr'><strong>longe</strong></span> <span class='ocrx_word' id='word_1_297' title='bbox 1579 1078 1608 1114; x_wconf 91' lang='lat' dir='ltr'><strong>a</strong></span> <span class='ocrx_word' id='word_1_298' title='bbox 1634 1065 1784 1117; x_wconf 90' lang='lat' dir='ltr'><strong>nobis</strong></span> <span class='ocrx_word' id='word_1_299' title='bbox 1809 1060 1876 1118; x_wconf 83' lang='lat'>74</span> <span class='ocrx_word' id='word_1_300' title='bbox 1925 1066 2113 1117; x_wconf 89' lang='lat' dir='ltr'><strong>curabo</strong></span> <span class='ocrx_word' id='word_1_301' title='bbox 2139 1065 2291 1132; x_wconf 85' lang='lat' dir='ltr'><strong>longe</strong></span> <span class='ocrx_word' id='word_1_302' title='bbox 2317 1068 2409 1119; x_wconf 86' lang='lat' dir='ltr'><strong>tibi</strong></span> 
     </span>
     <span class='ocr_line' id='line_1_63' title="bbox 1457 1132 1860 1186; baseline 0.012 -5"><span class='ocrx_word' id='word_1_303' title='bbox 1457 1132 1524 1182; x_wconf 87' lang='lat' dir='ltr'><strong>sit</strong></span> <span class='ocrx_word' id='word_1_304' title='bbox 1560 1132 1758 1184; x_wconf 87' lang='lat' dir='ltr'><strong>comula</strong></span> <span class='ocrx_word' id='word_1_305' title='bbox 1795 1134 1860 1186; x_wconf 88' lang='grc'><strong>58</strong></span> 
     </span>
    </p>

    <p class='ocr_par' dir='ltr' id='par_1_39' title="bbox 1388 1197 2493 1267">
     <span class='ocr_line' id='line_1_64' title="bbox 1388 1197 2493 1267; baseline 0.008 -18"><span class='ocrx_word' id='word_1_306' title='bbox 1388 1197 1510 1250; x_wconf 87' lang='lat' dir='ltr'><strong>dum</strong></span> <span class='ocrx_word' id='word_1_307' title='bbox 1543 1199 1786 1266; x_wconf 87' lang='lat' dir='ltr'><strong>loqueris,</strong></span> <span class='ocrx_word' id='word_1_308' title='bbox 1821 1202 1998 1267; x_wconf 89' lang='lat' dir='ltr'><strong>pruina</strong></span> <span class='ocrx_word' id='word_1_309' title='bbox 2036 1201 2275 1253; x_wconf 90' lang='lat' dir='ltr'><strong>dilabitur</strong></span> <span class='ocrx_word' id='word_1_310' title='bbox 2310 1206 2374 1257; x_wconf 92' lang='grc'><strong>99</strong></span> <span class='ocrx_word' id='word_1_311' title='bbox 2489 1252 2493 1257; x_wconf 90' lang='grc'>.</span> 
     </span>
    </p>

    <p class='ocr_par' dir='ltr' id='par_1_40' title="bbox 1386 1265 2450 1340">
     <span class='ocr_line' id='line_1_65' title="bbox 1386 1265 2450 1340; baseline 0.006 -23"><span class='ocrx_word' id='word_1_312' title='bbox 1386 1265 1528 1319; x_wconf 88' lang='lat' dir='ltr'><strong>lorus</strong></span> <span class='ocrx_word' id='word_1_313' title='bbox 1572 1267 1624 1317; x_wconf 93' lang='lat' dir='ltr'><strong>in</strong></span> <span class='ocrx_word' id='word_1_314' title='bbox 1671 1282 1802 1335; x_wconf 90' lang='lat' dir='ltr'><strong>aqua</strong></span> <span class='ocrx_word' id='word_1_315' title='bbox 1850 1272 1910 1321; x_wconf 93' lang='grc'><strong>57</strong></span> <span class='ocrx_word' id='word_1_316' title='bbox 1953 1272 2053 1322; x_wconf 91' lang='grc'><strong>134</strong></span> <span class='ocrx_word' id='word_1_317' title='bbox 2119 1270 2308 1337; x_wconf 89' lang='lat' dir='ltr'><strong>loripes</strong></span> <span class='ocrx_word' id='word_1_318' title='bbox 2341 1275 2410 1340; x_wconf 79' lang='lat'>45</span> <span class='ocrx_word' id='word_1_319' title='bbox 2446 1282 2450 1286; x_wconf 86' lang='grc'><strong><em>·</em></strong></span> 
     </span>
    </p>

    <p class='ocr_par' dir='ltr' id='par_1_41' title="bbox 1387 1334 2166 1389">
     <span class='ocr_line' id='line_1_66' title="bbox 1387 1334 2166 1389; baseline 0.008 -6"><span class='ocrx_word' id='word_1_320' title='bbox 1387 1348 1491 1387; x_wconf 88' lang='lat' dir='ltr'><strong>non</strong></span> <span class='ocrx_word' id='word_1_321' title='bbox 1526 1334 1665 1387; x_wconf 83' lang='lat' dir='ltr'><strong>valet</strong></span> <span class='ocrx_word' id='word_1_322' title='bbox 1700 1336 1881 1388; x_wconf 88' lang='lat' dir='ltr'><strong>lotium</strong></span> <span class='ocrx_word' id='word_1_323' title='bbox 1915 1352 2068 1388; x_wconf 90' lang='lat' dir='ltr'><strong>suum</strong></span> <span class='ocrx_word' id='word_1_324' title='bbox 2106 1341 2166 1389; x_wconf 91' lang='grc'><strong>57</strong></span> 
     </span>
    </p>

    <p class='ocr_par' dir='ltr' id='par_1_42' title="bbox 1387 1400 2028 1470">
     <span class='ocr_line' id='line_1_67' title="bbox 1387 1400 2028 1470; baseline 0.008 -18"><span class='ocrx_word' id='word_1_325' title='bbox 1387 1400 1451 1453; x_wconf 90' lang='lat' dir='ltr'><strong>de</strong></span> <span class='ocrx_word' id='word_1_326' title='bbox 1485 1401 1691 1454; x_wconf 89' lang='lat' dir='ltr'><strong>lucerna</strong></span> <span class='ocrx_word' id='word_1_327' title='bbox 1728 1406 1928 1470; x_wconf 84' lang='lat' dir='ltr'><strong>equites</strong></span> <span class='ocrx_word' id='word_1_328' title='bbox 1965 1407 2028 1457; x_wconf 88' lang='lat'><strong>45</strong></span> 
     </span>
    </p>

    <p class='ocr_par' dir='ltr' id='par_1_43' title="bbox 1386 1469 2180 1535">
     <span class='ocr_line' id='line_1_68' title="bbox 1386 1469 2180 1535; baseline 0.008 -16"><span class='ocrx_word' id='word_1_329' title='bbox 1386 1469 1607 1535; x_wconf 86' lang='lat' dir='ltr'><strong>lupatria</strong></span> <span class='ocrx_word' id='word_1_330' title='bbox 1633 1474 1695 1524; x_wconf 90' lang='grc'><strong>37</strong></span> <span class='ocrx_word' id='word_1_331' title='bbox 1948 1512 1952 1516; x_wconf 20' lang='grc' dir='ltr'><strong>Α</strong></span> <span class='ocrx_word' id='word_1_332' title='bbox 2172 1510 2180 1519; x_wconf 90' lang='grc'><em>.</em></span> 
     </span>
    </p>

    <p class='ocr_par' dir='ltr' id='par_1_44' title="bbox 1387 1538 2407 1660">
     <span class='ocr_line' id='line_1_69' title="bbox 1387 1538 2407 1605; baseline 0.004 -16"><span class='ocrx_word' id='word_1_333' title='bbox 1387 1553 1479 1605; x_wconf 94' lang='lat' dir='ltr'><strong>pro</strong></span> <span class='ocrx_word' id='word_1_334' title='bbox 1515 1538 1625 1590; x_wconf 85' lang='lat' dir='ltr'><strong>luto</strong></span> <span class='ocrx_word' id='word_1_335' title='bbox 1652 1543 1760 1590; x_wconf 86' lang='lat' dir='ltr'><strong>erat</strong></span> <span class='ocrx_word' id='word_1_336' title='bbox 1785 1541 1853 1591; x_wconf 90' lang='lat'><strong>44</strong></span> <span class='ocrx_word' id='word_1_337' title='bbox 1922 1554 2016 1605; x_wconf 89' lang='lat' dir='ltr'><strong>pro</strong></span> <span class='ocrx_word' id='word_1_338' title='bbox 2052 1539 2161 1592; x_wconf 91' lang='lat' dir='ltr'><strong>luto</strong></span> <span class='ocrx_word' id='word_1_339' title='bbox 2197 1542 2407 1593; x_wconf 87' lang='lat' dir='ltr'><strong>habere-</strong></span> 
     </span>
     <span class='ocr_line' id='line_1_70' title="bbox 1455 1608 2097 1660; baseline 0.005 -3"><span class='ocrx_word' id='word_1_340' title='bbox 1455 1620 1567 1657; x_wconf 89' lang='lat' dir='ltr'><strong>mus</strong></span> <span class='ocrx_word' id='word_1_341' title='bbox 1592 1610 1663 1660; x_wconf 76' lang='lat'><strong>&#39;51</strong></span> <span class='ocrx_word' id='word_1_342' title='bbox 1706 1608 1769 1658; x_wconf 90' lang='grc'><strong>67</strong></span> <span class='ocrx_word' id='word_1_343' title='bbox 1905 1625 1912 1633; x_wconf 93' lang='grc'><em>·</em></span> <span class='ocrx_word' id='word_1_344' title='bbox 2092 1639 2097 1643; x_wconf 62' lang='grc'><strong><em>«</em></strong></span> 
     </span>
    </p>
   </div>
   <div class='ocr_carea' id='block_1_17' title="bbox 1338 1715 1920 1794">
    <p class='ocr_par' dir='ltr' id='par_1_45' title="bbox 1338 1715 1920 1794">
     <span class='ocr_line' id='line_1_71' title="bbox 1338 1715 1920 1794; baseline 0.003 -2"><span class='ocrx_word' id='word_1_345' title='bbox 1338 1736 1344 1742; x_wconf 78' lang='grc'><strong>”</strong></span> <span class='ocrx_word' id='word_1_346' title='bbox 1385 1739 1541 1792; x_wconf 87' lang='lat' dir='ltr'><strong>homo</strong></span> <span class='ocrx_word' id='word_1_347' title='bbox 1560 1715 1821 1793; x_wconf 22' lang='lat' dir='ltr'><strong>&#39;maiestas</strong></span> <span class='ocrx_word' id='word_1_348' title='bbox 1857 1746 1920 1794; x_wconf 91' lang='grc'><strong>57</strong></span> 
     </span>
    </p>
   </div>
   <div class='ocr_carea' id='block_1_18' title="bbox 1380 1809 2407 4107">
    <p class='ocr_par' dir='ltr' id='par_1_46' title="bbox 1386 1809 2324 1866">
     <span class='ocr_line' id='line_1_72' title="bbox 1386 1809 2324 1866; baseline 0.005 -5"><span class='ocrx_word' id='word_1_349' title='bbox 1386 1824 1512 1861; x_wconf 82' lang='lat' dir='ltr'><strong>cave</strong></span> <span class='ocrx_word' id='word_1_350' title='bbox 1547 1809 1787 1861; x_wconf 88' lang='lat' dir='ltr'><strong>maiorem</strong></span> <span class='ocrx_word' id='word_1_351' title='bbox 1823 1810 2101 1864; x_wconf 90' lang='lat' dir='ltr'><strong>maledicas</strong></span> <span class='ocrx_word' id='word_1_352' title='bbox 2139 1814 2201 1866; x_wconf 89' lang='grc'><strong>58</strong></span> <span class='ocrx_word' id='word_1_353' title='bbox 2239 1815 2324 1865; x_wconf 92' lang='grc'><strong>96</strong></span> 
     </span>
    </p>

    <p class='ocr_par' dir='ltr' id='par_1_47' title="bbox 1384 1874 2248 1929">
     <span class='ocr_line' id='line_1_73' title="bbox 1384 1874 2248 1929; baseline 0.003 -1"><span class='ocrx_word' id='word_1_354' title='bbox 1384 1874 1700 1929; x_wconf 86' lang='lat' dir='ltr'><strong>malicoriu&#39;m</strong></span> <span class='ocrx_word' id='word_1_355' title='bbox 1736 1880 1801 1929; x_wconf 88' lang='grc'><strong>47</strong></span> <span class='ocrx_word' id='word_1_356' title='bbox 2242 1883 2248 1889; x_wconf 82' lang='grc'><strong>’</strong></span> 
     </span>
    </p>

    <p class='ocr_par' dir='ltr' id='par_1_48' title="bbox 1385 1946 2407 2067">
     <span class='ocr_line' id='line_1_74' title="bbox 1385 1946 2407 2067; baseline 0.005 -71"><span class='ocrx_word' id='word_1_357' title='bbox 1385 1959 1502 1996; x_wconf 89' lang='lat' dir='ltr'><strong>cum</strong></span> <span class='ocrx_word' id='word_1_358' title='bbox 1525 1946 1896 2067; x_wconf 50' lang='lat' dir='ltr'><strong>viclengirtnagis</strong></span> <span class='ocrx_word' id='word_1_359' title='bbox 1932 1963 2169 2016; x_wconf 88' lang='lat' dir='ltr'><strong>magnam</strong></span> <span class='ocrx_word' id='word_1_360' title='bbox 2201 1951 2407 2001; x_wconf 87' lang='lat' dir='ltr'><strong>mantis-</strong></span> 
     </span>
     <span class='ocr_line' id='line_1_75' title="bbox 1453 2028 1728 2066; baseline 0.011 -3"><span class='ocrx_word' id='word_1_361' title='bbox 1453 2028 1563 2065; x_wconf 88' lang='lat' dir='ltr'><strong>sam</strong></span> <span class='ocrx_word' id='word_1_362' title='bbox 1633 2029 1662 2064; x_wconf 92' lang='lat' dir='ltr'><strong>a</strong></span> <span class='ocrx_word' id='word_1_363' title='bbox 1700 2029 1728 2066; x_wconf 92' lang='lat' dir='ltr'><strong>e</strong></span> 
     </span>
    </p>

    <p class='ocr_par' dir='ltr' id='par_1_49' title="bbox 1384 2082 1804 2133">
     <span class='ocr_line' id='line_1_76' title="bbox 1384 2082 1804 2133; baseline 0.005 -2"><span class='ocrx_word' id='word_1_364' title='bbox 1384 2082 1704 2133; x_wconf 87' lang='lat' dir='ltr'><strong>manuciolus</strong></span> <span class='ocrx_word' id='word_1_365' title='bbox 1740 2083 1804 2133; x_wconf 89' lang='grc'><strong>63</strong></span> 
     </span>
    </p>

    <p class='ocr_par' dir='ltr' id='par_1_50' title="bbox 1384 2150 2407 2351">
     <span class='ocr_line' id='line_1_77' title="bbox 1384 2150 2406 2204; baseline 0.005 -5"><span class='ocrx_word' id='word_1_366' title='bbox 1384 2164 1565 2200; x_wconf 88' lang='lat' dir='ltr'><strong>manus</strong></span> <span class='ocrx_word' id='word_1_367' title='bbox 1601 2164 1802 2201; x_wconf 88' lang='lat' dir='ltr'><strong>manum</strong></span> <span class='ocrx_word' id='word_1_368' title='bbox 1833 2150 1972 2201; x_wconf 86' lang='lat' dir='ltr'><strong>lavat</strong></span> <span class='ocrx_word' id='word_1_369' title='bbox 1999 2154 2064 2204; x_wconf 91' lang='grc'><strong>46</strong></span> <span class='ocrx_word' id='word_1_370' title='bbox 2113 2166 2315 2204; x_wconf 90' lang='lat' dir='ltr'><strong>manum</strong></span> <span class='ocrx_word' id='word_1_371' title='bbox 2343 2154 2406 2204; x_wconf 88' lang='lat' dir='ltr'><strong>de</strong></span> 
     </span>
     <span class='ocr_line' id='line_1_78' title="bbox 1454 2216 2407 2284; baseline 0.008 -18"><span class='ocrx_word' id='word_1_372' title='bbox 1454 2216 1626 2268; x_wconf 88' lang='lat' dir='ltr'><strong>tabula</strong></span> <span class='ocrx_word' id='word_1_373' title='bbox 1682 2219 1748 2269; x_wconf 92' lang='grc'><strong>76</strong></span> <span class='ocrx_word' id='word_1_374' title='bbox 1817 2233 1969 2270; x_wconf 90' lang='lat' dir='ltr'><strong>manu</strong></span> <span class='ocrx_word' id='word_1_375' title='bbox 2024 2219 2174 2284; x_wconf 88' lang='lat' dir='ltr'><strong>plena</strong></span> <span class='ocrx_word' id='word_1_376' title='bbox 2227 2223 2291 2283; x_wconf 86' lang='lat'><strong>43</strong></span> <span class='ocrx_word' id='word_1_377' title='bbox 2341 2223 2407 2274; x_wconf 90' lang='grc'><strong>64</strong></span> 
     </span>
     <span class='ocr_line' id='line_1_79' title="bbox 1451 2284 2404 2351; baseline 0.007 -16"><span class='ocrx_word' id='word_1_378' title='bbox 1451 2284 1596 2335; x_wconf 92' lang='lat' dir='ltr'><strong>illum</strong></span> <span class='ocrx_word' id='word_1_379' title='bbox 1654 2286 1892 2351; x_wconf 80' lang='lat' dir='ltr'><strong>tetigerat</strong></span> <span class='ocrx_word' id='word_1_380' title='bbox 1945 2286 2076 2338; x_wconf 89' lang='lat' dir='ltr'><strong>mala</strong></span> <span class='ocrx_word' id='word_1_381' title='bbox 2125 2303 2304 2341; x_wconf 90' lang='lat' dir='ltr'><strong>manus</strong></span> <span class='ocrx_word' id='word_1_382' title='bbox 2340 2293 2404 2342; x_wconf 88' lang='grc'><strong>63</strong></span> 
     </span>
    </p>

    <p class='ocr_par' dir='ltr' id='par_1_51' title="bbox 1384 2353 2339 2421">
     <span class='ocr_line' id='line_1_80' title="bbox 1384 2353 2339 2421; baseline 0.004 -18"><span class='ocrx_word' id='word_1_383' title='bbox 1384 2353 1603 2419; x_wconf 89' lang='lat' dir='ltr'><strong>mapalia</strong></span> <span class='ocrx_word' id='word_1_384' title='bbox 1640 2355 1705 2406; x_wconf 88' lang='grc'><strong>58</strong></span> <span class='ocrx_word' id='word_1_385' title='bbox 1741 2356 1978 2405; x_wconf 75' lang='lat' dir='ltr'><strong>homines</strong></span> <span class='ocrx_word' id='word_1_386' title='bbox 2011 2357 2339 2421; x_wconf 80' lang='lat' dir='ltr'><strong>negligentes</strong></span> 
     </span>
    </p>

    <p class='ocr_par' dir='ltr' id='par_1_52' title="bbox 1384 2420 1765 2474">
     <span class='ocr_line' id='line_1_81' title="bbox 1384 2420 1765 2474; baseline 0.008 -3"><span class='ocrx_word' id='word_1_387' title='bbox 1384 2420 1668 2473; x_wconf 89' lang='lat' dir='ltr'><strong>marceolus</strong></span> <span class='ocrx_word' id='word_1_388' title='bbox 1705 2425 1765 2474; x_wconf 92' lang='grc'><strong>51</strong></span> 
     </span>
    </p>

    <p class='ocr_par' dir='ltr' id='par_1_53' title="bbox 1382 2489 2161 2555">
     <span class='ocr_line' id='line_1_82' title="bbox 1382 2489 2161 2555; baseline 0.005 -17"><span class='ocrx_word' id='word_1_389' title='bbox 1382 2489 1667 2555; x_wconf 85' lang='lat' dir='ltr'><strong>mascarpio</strong></span> <span class='ocrx_word' id='word_1_390' title='bbox 1707 2491 1804 2543; x_wconf 89' lang='lat'>134</span> <span class='ocrx_word' id='word_1_391' title='bbox 1837 2492 1934 2540; x_wconf 70' lang='lat' dir='ltr'><strong>viat</strong></span> <span class='ocrx_word' id='word_1_392' title='bbox 1971 2506 2161 2542; x_wconf 79' lang='lat' dir='ltr'><strong>sanum</strong></span> 
     </span>
    </p>

    <p class='ocr_par' dir='ltr' id='par_1_54' title="bbox 1382 2559 2407 2625">
     <span class='ocr_line' id='line_1_83' title="bbox 1382 2559 2407 2625; baseline 0.007 -19"><span class='ocrx_word' id='word_1_393' title='bbox 1382 2559 1551 2608; x_wconf 85' lang='lat' dir='ltr'><strong>matus</strong></span> <span class='ocrx_word' id='word_1_394' title='bbox 1590 2560 1652 2609; x_wconf 91' lang='lat'><strong>41</strong></span> <span class='ocrx_word' id='word_1_395' title='bbox 1714 2560 2064 2624; x_wconf 80' lang='lat' dir='ltr'><strong>participium</strong></span> <span class='ocrx_word' id='word_1_396' title='bbox 2098 2565 2407 2625; x_wconf 78' lang='lat' dir='ltr'><strong>ut&#39;egretus</strong></span> 
     </span>
    </p>

    <p class='ocr_par' dir='ltr' id='par_1_55' title="bbox 1381 2624 2136 2761">
     <span class='ocr_line' id='line_1_84' title="bbox 1381 2624 2136 2761; baseline 0.004 -18"><span class='ocrx_word' id='word_1_397' title='bbox 1381 2624 2136 2761; x_wconf 50' lang='lat' dir='ltr'><strong>msszfiamffizzffmm</strong></span> 
     </span>
    </p>

    <p class='ocr_par' dir='ltr' id='par_1_56' title="bbox 1380 2761 2353 2816">
     <span class='ocr_line' id='line_1_85' title="bbox 1380 2761 2353 2816; baseline 0.006 -5"><span class='ocrx_word' id='word_1_398' title='bbox 1380 2761 1468 2811; x_wconf 87' lang='lat' dir='ltr'><strong>isti</strong></span> <span class='ocrx_word' id='word_1_399' title='bbox 1504 2762 1722 2814; x_wconf 91' lang='lat' dir='ltr'><strong>maiores</strong></span> <span class='ocrx_word' id='word_1_400' title='bbox 1757 2762 1995 2814; x_wconf 89' lang='lat' dir='ltr'><strong>maxillae</strong></span> <span class='ocrx_word' id='word_1_401' title='bbox 2034 2766 2101 2816; x_wconf 88' lang='lat'><strong>44</strong></span> <span class='ocrx_word' id='word_1_402' title='bbox 2350 2797 2353 2800; x_wconf 97' lang='lat'>-</span> 
     </span>
    </p>

    <p class='ocr_par' dir='ltr' id='par_1_57' title="bbox 1381 2827 2400 2953">
     <span class='ocr_line' id='line_1_86' title="bbox 1381 2827 2400 2887; baseline 0.006 -7"><span class='ocrx_word' id='word_1_403' title='bbox 1381 2827 1579 2881; x_wconf 89' lang='lat' dir='ltr'><strong>medius</strong></span> <span class='ocrx_word' id='word_1_404' title='bbox 1604 2827 1756 2883; x_wconf 91' lang='lat' dir='ltr'><strong>fidius</strong></span> <span class='ocrx_word' id='word_1_405' title='bbox 1789 2831 2076 2882; x_wconf 82' lang='lat' dir='ltr'><strong>mulierum</strong></span> <span class='ocrx_word' id='word_1_406' title='bbox 2109 2829 2312 2885; x_wconf 63' lang='lat' dir='ltr'><strong>iuratio</strong></span> <span class='ocrx_word' id='word_1_407' title='bbox 2342 2838 2400 2887; x_wconf 92' lang='lat'><strong>17</strong></span> 
     </span>
     <span class='ocr_line' id='line_1_87' title="bbox 1453 2899 2308 2953; baseline 0.009 -5"><span class='ocrx_word' id='word_1_408' title='bbox 1453 2899 1550 2949; x_wconf 85' lang='grc'><strong>129</strong></span> <span class='ocrx_word' id='word_1_409' title='bbox 1619 2901 1731 2949; x_wconf 81' lang='lat' dir='ltr'><strong>viri</strong></span> <span class='ocrx_word' id='word_1_410' title='bbox 1770 2902 1893 2953; x_wconf 91' lang='grc'><strong>104.</strong></span> <span class='ocrx_word' id='word_1_411' title='bbox 2301 2905 2308 2913; x_wconf 87' lang='grc'>’</span> 
     </span>
    </p>

    <p class='ocr_par' dir='ltr' id='par_1_58' title="bbox 1384 2965 2068 3031">
     <span class='ocr_line' id='line_1_88' title="bbox 1384 2965 2068 3031; baseline 0.006 -15"><span class='ocrx_word' id='word_1_412' title='bbox 1384 2969 1527 3017; x_wconf 88' lang='lat' dir='ltr'><strong>tanto</strong></span> <span class='ocrx_word' id='word_1_413' title='bbox 1563 2965 1759 3031; x_wconf 90' lang='lat' dir='ltr'><strong>melior,</strong></span> <span class='ocrx_word' id='word_1_414' title='bbox 1795 2965 1964 3019; x_wconf 86' lang='lat' dir='ltr'><strong>Massa</strong></span> <span class='ocrx_word' id='word_1_415' title='bbox 2004 2971 2068 3020; x_wconf 87' lang='grc'><strong>69</strong></span> 
     </span>
    </p>

    <p class='ocr_par' dir='ltr' id='par_1_59' title="bbox 1383 3033 2254 3090">
     <span class='ocr_line' id='line_1_89' title="bbox 1383 3033 2254 3090; baseline 0.008 -7"><span class='ocrx_word' id='word_1_416' title='bbox 1383 3033 1568 3085; x_wconf 90' lang='lat' dir='ltr'><strong>bonam</strong></span> <span class='ocrx_word' id='word_1_417' title='bbox 1604 3041 1829 3088; x_wconf 87' lang='lat' dir='ltr'><strong>mentem</strong></span> <span class='ocrx_word' id='word_1_418' title='bbox 1867 3036 2021 3087; x_wconf 90' lang='lat' dir='ltr'><strong>habet</strong></span> <span class='ocrx_word' id='word_1_419' title='bbox 2058 3040 2121 3088; x_wconf 90' lang='grc'><strong>70</strong></span> <span class='ocrx_word' id='word_1_420' title='bbox 2163 3039 2254 3090; x_wconf 91' lang='grc'><strong>131</strong></span> 
     </span>
    </p>

    <p class='ocr_par' dir='ltr' id='par_1_60' title="bbox 1384 3100 2407 3167">
     <span class='ocr_line' id='line_1_90' title="bbox 1384 3100 2407 3167; baseline 0.003 -16"><span class='ocrx_word' id='word_1_421' title='bbox 1384 3100 1525 3167; x_wconf 86' lang='lat' dir='ltr'><strong>quod</strong></span> <span class='ocrx_word' id='word_1_422' title='bbox 1559 3102 1697 3154; x_wconf 91' lang='lat' dir='ltr'><strong>illius</strong></span> <span class='ocrx_word' id='word_1_423' title='bbox 1734 3107 1960 3155; x_wconf 86' lang='lat' dir='ltr'><strong>mentum</strong></span> <span class='ocrx_word' id='word_1_424' title='bbox 1999 3104 2206 3155; x_wconf 88' lang='lat' dir='ltr'><strong>sustulit</strong></span> <span class='ocrx_word' id='word_1_425' title='bbox 2240 3107 2306 3156; x_wconf 87' lang='lat'>43</span> <span class='ocrx_word' id='word_1_426' title='bbox 2332 3104 2407 3165; x_wconf 83' lang='lat' dir='ltr'><strong>ef.</strong></span> 
     </span>
    </p>

    <p class='ocr_par' dir='ltr' id='par_1_61' title="bbox 1384 3236 2404 3358">
     <span class='ocr_line' id='line_1_91' title="bbox 1384 3236 2404 3304; baseline 0.002 -17"><span class='ocrx_word' id='word_1_427' title='bbox 1384 3251 1524 3288; x_wconf 85' lang='lat' dir='ltr'><strong>mero</strong></span> <span class='ocrx_word' id='word_1_428' title='bbox 1562 3236 1772 3288; x_wconf 90' lang='lat' dir='ltr'><strong>meridie</strong></span> <span class='ocrx_word' id='word_1_429' title='bbox 1795 3237 1858 3289; x_wconf 87' lang='grc'><strong>37</strong></span> <span class='ocrx_word' id='word_1_430' title='bbox 1885 3237 2035 3304; x_wconf 91' lang='lat' dir='ltr'><strong>plane</strong></span> <span class='ocrx_word' id='word_1_431' title='bbox 2060 3237 2404 3303; x_wconf 84' lang='lat' dir='ltr'><strong>fugaemerae</strong></span> 
     </span>
     <span class='ocr_line' id='line_1_92' title="bbox 1454 3305 2403 3358; baseline 0.002 -3"><span class='ocrx_word' id='word_1_432' title='bbox 1454 3306 1519 3355; x_wconf 89' lang='lat'><strong>45</strong></span> <span class='ocrx_word' id='word_1_433' title='bbox 1557 3305 1732 3356; x_wconf 85' lang='lat' dir='ltr'><strong>hilaria</strong></span> <span class='ocrx_word' id='word_1_434' title='bbox 1773 3320 1909 3356; x_wconf 88' lang='lat' dir='ltr'><strong>mera</strong></span> <span class='ocrx_word' id='word_1_435' title='bbox 1948 3307 2008 3357; x_wconf 88' lang='lat'><strong>61</strong></span> <span class='ocrx_word' id='word_1_436' title='bbox 2063 3307 2215 3358; x_wconf 86' lang='lat' dir='ltr'><strong>tricas</strong></span> <span class='ocrx_word' id='word_1_437' title='bbox 2238 3307 2403 3357; x_wconf 89' lang='lat' dir='ltr'><strong>meras</strong></span> 
     </span>
    </p>

    <p class='ocr_par' dir='ltr' id='par_1_62' title="bbox 1385 3371 2404 3439">
     <span class='ocr_line' id='line_1_93' title="bbox 1385 3371 2404 3439; baseline 0.003 -16"><span class='ocrx_word' id='word_1_438' title='bbox 1385 3371 1713 3424; x_wconf 79' lang='lat' dir='ltr'><strong>methodium·</strong></span> <span class='ocrx_word' id='word_1_439' title='bbox 1736 3374 1802 3424; x_wconf 88' lang='lat'><strong>36</strong></span> <span class='ocrx_word' id='word_1_440' title='bbox 1840 3395 1850 3404; x_wconf 92' lang='lat'><strong>·</strong></span> <span class='ocrx_word' id='word_1_441' title='bbox 2319 3377 2404 3439; x_wconf 89' lang='lat'>[53</span> 
     </span>
    </p>

    <p class='ocr_par' dir='ltr' id='par_1_63' title="bbox 1385 3440 2406 3561">
     <span class='ocr_line' id='line_1_94' title="bbox 1385 3440 2406 3506; baseline 0.002 -15"><span class='ocrx_word' id='word_1_442' title='bbox 1385 3455 1489 3491; x_wconf 91' lang='lat' dir='ltr'><strong>non</strong></span> <span class='ocrx_word' id='word_1_443' title='bbox 1513 3440 1694 3491; x_wconf 89' lang='lat' dir='ltr'><strong>micam</strong></span> <span class='ocrx_word' id='word_1_444' title='bbox 1731 3440 1878 3506; x_wconf 88' lang='lat' dir='ltr'><strong>panis</strong></span> <span class='ocrx_word' id='word_1_445' title='bbox 1905 3442 1969 3492; x_wconf 91' lang='grc'><strong>42</strong></span> <span class='ocrx_word' id='word_1_446' title='bbox 2020 3440 2151 3506; x_wconf 85' lang='lat' dir='ltr'><strong>frugi</strong></span> <span class='ocrx_word' id='word_1_447' title='bbox 2176 3446 2228 3493; x_wconf 91' lang='lat' dir='ltr'><strong>et</strong></span> <span class='ocrx_word' id='word_1_448' title='bbox 2252 3442 2406 3493; x_wconf 89' lang='lat' dir='ltr'><strong>mica-</strong></span> 
     </span>
     <span class='ocr_line' id='line_1_95' title="bbox 1454 3509 1659 3561; baseline 0.02 -4"><span class='ocrx_word' id='word_1_449' title='bbox 1454 3509 1560 3560; x_wconf 89' lang='lat' dir='ltr'><strong>rius</strong></span> <span class='ocrx_word' id='word_1_450' title='bbox 1595 3511 1659 3561; x_wconf 88' lang='lat'>73</span> 
     </span>
    </p>

    <p class='ocr_par' dir='ltr' id='par_1_64' title="bbox 1386 3576 2407 3648">
     <span class='ocr_line' id='line_1_96' title="bbox 1386 3576 2407 3648; baseline 0.004 -21"><span class='ocrx_word' id='word_1_451' title='bbox 1386 3583 1500 3627; x_wconf 86' lang='lat' dir='ltr'><strong>cum</strong></span> <span class='ocrx_word' id='word_1_452' title='bbox 1526 3592 1628 3643; x_wconf 90' lang='lat' dir='ltr'><strong>quo</strong></span> <span class='ocrx_word' id='word_1_453' title='bbox 1664 3590 1846 3642; x_wconf 89' lang='lat' dir='ltr'><strong>posses</strong></span> <span class='ocrx_word' id='word_1_454' title='bbox 1880 3576 1932 3627; x_wconf 92' lang='lat' dir='ltr'><strong>in</strong></span> <span class='ocrx_word' id='word_1_455' title='bbox 1972 3577 2195 3648; x_wconf 84' lang='lat' dir='ltr'><strong>tenebris</strong></span> <span class='ocrx_word' id='word_1_456' title='bbox 2219 3579 2407 3631; x_wconf 82' lang='lat' dir='ltr'><strong>micare</strong></span> 
     </span>
    </p>

    <p class='ocr_par' dir='ltr' id='par_1_65' title="bbox 1387 3711 2406 3972">
     <span class='ocr_line' id='line_1_97' title="bbox 1387 3711 2402 3778; baseline 0.007 -16"><span class='ocrx_word' id='word_1_457' title='bbox 1387 3711 1572 3763; x_wconf 79' lang='lat' dir='ltr'><strong>fundos</strong></span> <span class='ocrx_word' id='word_1_458' title='bbox 1608 3711 1764 3763; x_wconf 79' lang='lat' dir='ltr'><strong>habet</strong></span> <span class='ocrx_word' id='word_1_459' title='bbox 1799 3727 1898 3778; x_wconf 84' lang='lat' dir='ltr'><strong>qua</strong></span> <span class='ocrx_word' id='word_1_460' title='bbox 1949 3711 2090 3764; x_wconf 71' lang='lat' dir='ltr'><strong>milvi</strong></span> <span class='ocrx_word' id='word_1_461' title='bbox 2126 3715 2304 3768; x_wconf 86' lang='lat' dir='ltr'><strong>volant</strong></span> <span class='ocrx_word' id='word_1_462' title='bbox 2341 3719 2402 3768; x_wconf 89' lang='lat'>37</span> 
     </span>
     <span class='ocr_line' id='line_1_98' title="bbox 1455 3778 2405 3850; baseline 0.005 -19"><span class='ocrx_word' id='word_1_463' title='bbox 1455 3778 1612 3831; x_wconf 90' lang='lat' dir='ltr'><strong>milvo</strong></span> <span class='ocrx_word' id='word_1_464' title='bbox 1637 3780 1830 3831; x_wconf 82' lang='lat' dir='ltr'><strong>volanti</strong></span> <span class='ocrx_word' id='word_1_465' title='bbox 1855 3794 2054 3846; x_wconf 90' lang='lat' dir='ltr'><strong>ungues</strong></span> <span class='ocrx_word' id='word_1_466' title='bbox 2088 3798 2318 3850; x_wconf 81' lang='lat' dir='ltr'><strong>resecare</strong></span> <span class='ocrx_word' id='word_1_467' title='bbox 2340 3788 2405 3837; x_wconf 93' lang='lat'>45</span> 
     </span>
     <span class='ocr_line' id='line_1_99' title="bbox 1457 3847 2406 3918; baseline 0.006 -20"><span class='ocrx_word' id='word_1_468' title='bbox 1457 3847 1635 3899; x_wconf 89' lang='lat' dir='ltr'><strong>mulier</strong></span> <span class='ocrx_word' id='word_1_469' title='bbox 1660 3863 1792 3915; x_wconf 90' lang='lat' dir='ltr'><strong>quae</strong></span> <span class='ocrx_word' id='word_1_470' title='bbox 1828 3848 2012 3901; x_wconf 85' lang='lat' dir='ltr'><strong>mulier</strong></span> <span class='ocrx_word' id='word_1_471' title='bbox 2036 3851 2298 3903; x_wconf 89' lang='lat' dir='ltr'><strong>milvinum</strong></span> <span class='ocrx_word' id='word_1_472' title='bbox 2320 3867 2406 3918; x_wconf 88' lang='lat' dir='ltr'><strong>ge-</strong></span> 
     </span>
     <span class='ocr_line' id='line_1_100' title="bbox 1455 3915 2202 3972; baseline 0.005 -4"><span class='ocrx_word' id='word_1_473' title='bbox 1455 3931 1551 3968; x_wconf 89' lang='lat' dir='ltr'><strong>nus</strong></span> <span class='ocrx_word' id='word_1_474' title='bbox 1586 3917 1651 3968; x_wconf 82' lang='lat'>42</span> <span class='ocrx_word' id='word_1_475' title='bbox 1720 3915 1875 3968; x_wconf 88' lang='lat' dir='ltr'><strong>milva</strong></span> <span class='ocrx_word' id='word_1_476' title='bbox 1909 3918 2104 3969; x_wconf 80' lang='lat' dir='ltr'><strong>mulier</strong></span> <span class='ocrx_word' id='word_1_477' title='bbox 2141 3922 2202 3972; x_wconf 92' lang='lat'><strong>75</strong></span> 
     </span>
    </p>

    <p class='ocr_par' dir='ltr' id='par_1_66' title="bbox 1387 3984 2076 4053">
     <span class='ocr_line' id='line_1_101' title="bbox 1387 3984 2076 4053; baseline 0.007 -19"><span class='ocrx_word' id='word_1_478' title='bbox 1387 3984 1596 4036; x_wconf 88' lang='lat' dir='ltr'><strong>mimum</strong></span> <span class='ocrx_word' id='word_1_479' title='bbox 1633 3999 1940 4053; x_wconf 86' lang='lat' dir='ltr'><strong>componere</strong></span> <span class='ocrx_word' id='word_1_480' title='bbox 1981 3990 2076 4041; x_wconf 93' lang='lat'><strong>117</strong></span> 
     </span>
    </p>

    <p class='ocr_par' dir='ltr' id='par_1_67' title="bbox 1388 4054 2041 4107">
     <span class='ocr_line' id='line_1_102' title="bbox 1388 4054 2041 4107; baseline 0.005 -3"><span class='ocrx_word' id='word_1_481' title='bbox 1388 4056 1439 4104; x_wconf 87' lang='lat' dir='ltr'><strong>et</strong></span> <span class='ocrx_word' id='word_1_482' title='bbox 1477 4058 1642 4105; x_wconf 89' lang='lat' dir='ltr'><strong>cetera</strong></span> <span class='ocrx_word' id='word_1_483' title='bbox 1678 4054 1940 4106; x_wconf 83' lang='lat' dir='ltr'><strong>minutalia</strong></span> <span class='ocrx_word' id='word_1_484' title='bbox 1977 4058 2041 4107; x_wconf 93' lang='lat'>47</span> 
     </span>
    </p>
   </div>
   <div class='ocr_carea' id='block_1_19' title="bbox 1928 4141 2002 4191">
    <p class='ocr_par' dir='ltr' id='par_1_68' title="bbox 1928 4141 2002 4191">
     <span class='ocr_line' id='line_1_103' title="bbox 1928 4141 2002 4191; baseline 0 -19"><span class='ocrx_word' id='word_1_485' title='bbox 1928 4141 2002 4191; x_wconf 79' lang='grc'><strong>9*</strong></span> 
     </span>
    </p>
   </div>
  </div>
 </body>
</html>
