2881 4580
1185 276 1467 331 SATIRAE
2317 276 2396 337 17

164 458 214 510 L
234 452 488 532 positus.
519 450 665 512 iussi
688 469 830 531 ergo
852 449 1275 525 discubuimus,
1306 458 1366 512 et
1394 451 1728 529 gustatione
1760 450 2005 511 mirifica
2027 450 2236 512 initiati
2259 450 2398 513 vino

158 889 191 938 5

129 1312 193 1364 10

130 1738 195 1788 15

132 2163 197 2213 20

132 2590 195 2640 25

134 3099 197 3149 30

237 536 418 598 etiam
438 535 697 597 Falerno
721 535 1099 597 inundamur.
1146 536 1375 615 excepti
1398 536 1572 597 etiam
1595 534 1867 614 pluribus
1891 536 2130 597 ferculis
2153 553 2287 597 cum
2313 536 2399 597 la·

234 622 526 683 beremur
552 621 614 682 in
646 639 941 696 somnum,
973 621 1152 682 ‘itane
1183 619 1334 682 est?'
1379 621 1576 700 inquit
1598 620 1883 692 Quartilla
1915 620 2109 682 ‘etiam
2140 620 2398 683 dormire

237 706 409 768 vobis
439 707 502 768 in
531 715 735 767 mente
766 715 874 779 est,
905 724 1038 767 cum
1070 705 1266 767 sciatis
1294 706 1493 785 Priapi
1523 706 1700 785 genio
1730 705 2096 785 pervigilium
2129 706 2329 768 deberi
2347 704 2397 769 ‘I'

1306 812 1340 850 *

410 893 547 937 cum
577 875 844 956 Ascyltos
872 885 1143 955 gravatus
1171 884 1260 937 tot
1302 876 1471 937 malis
1499 875 1559 936 in
1606 893 1883 937 somnum
1927 874 2252 948 laberetur,
2298 875 2394 936 illa
2414 878 2498 939 22

239 979 395 1040 quae
418 962 634 1022 iniuria
659 961 899 1041 depulsa
922 963 1112 1023 fuerat
1132 960 1342 1023 ancilla
1364 970 1545 1022 totam
1567 961 1774 1022 faciem
1800 960 1928 1021 eius
1949 960 2196 1039 fuligine
2219 960 2399 1040 longa

239 1046 557 1126 perfricuit
587 1054 646 1108 et
678 1064 796 1107 non
830 1047 1138 1109 sentientis
1166 1046 1326 1107 labra
1360 1064 1715 1125 umerosque
1757 1044 2151 1126 sopitionibus
2189 1045 2398 1125 pinxit.

240 1133 359 1192 iam
373 1150 486 1210 ego
505 1132 678 1192 etiam
701 1140 791 1192 tot
814 1131 979 1193 malis
1001 1132 1274 1210 fatigatus
1296 1131 1604 1192 minimum
1621 1131 1801 1192 veluti
1822 1139 2061 1209 gustum
2083 1131 2394 1193 hauseram

240 1217 471 1292 somni3
501 1215 654 1277 idem
687 1225 746 1277 et
772 1226 896 1277 tota
927 1218 1079 1278 intra
1108 1217 1372 1295 forisque
1400 1216 1614 1277 familia
1645 1216 1883 1287 fecerat,
1913 1224 2087 1295 atque
2118 1216 2215 1277 alii
2239 1216 2397 1277 circa

245 1301 433 1381 pedes
476 1301 971 1363 discumbentium
1015 1303 1199 1381 sparsi
1256 1300 1556 1373 iacebant,
1614 1300 1709 1361 alii
1751 1300 2075 1381 parietibus
2117 1300 2397 1382 appliciti,

244 1387 481 1465 quidam
512 1386 574 1446 in
606 1387 735 1466 ipso
780 1387 984 1448 limine
1012 1386 1348 1448 coniunctis
1389 1385 1711 1447 manebant
1753 1384 2072 1464 capitibus;
2119 1385 2397 1447 lucernae

244 1490 486 1550 quoque
516 1490 725 1533 umore
756 1471 1017 1534 defectae
1058 1480 1239 1532 tenue
1284 1480 1344 1531 et
1386 1479 1712 1532 extremum
1757 1470 1959 1531 lumen
2007 1470 2395 1549 spargebant:

207 1566 211 1567 ’
241 1574 381 1617 cum
411 1556 529 1618 duo
555 1557 684 1637 Syri
715 1557 1026 1637 expilaturi
1058 1551 1414 1640 [lagoenam]
1445 1555 1771 1616 triclinium
1800 1555 2192 1629 intraverunt,
2224 1556 2397 1616 dum-

243 1660 362 1720 que
393 1640 552 1702 inter
581 1652 891 1721 argentum
920 1642 1141 1704 avidius
1169 1642 1473 1714 rixantur,
1519 1639 1813 1702 diductam
1859 1641 2167 1720 fregerunt
2196 1640 2396 1720 lagoe-

240 1744 400 1787 nam.
449 1726 659 1788 cecidit
687 1727 857 1788 etiam
890 1745 1094 1789 mensa
1126 1744 1258 1788 cum
1291 1733 1570 1806 argento,
1613 1735 1672 1786 et
1713 1725 1958 1787 ancillae
1987 1742 2168 1804 super
2196 1734 2396 1787 torum

240 1812 566 1873 marcentis
596 1829 908 1873 excussum
938 1813 1093 1874 forte
1122 1811 1294 1873 altius
1323 1810 1605 1891 poculum
1634 1820 1812 1890 caput
1853 1810 2063 1888 tetigit.
2115 1811 2186 1871 ad
2219 1829 2397 1891 quem

240 1897 426 1958 ictum
450 1895 788 1957 exclamavit
815 1897 909 1958 illa
941 1898 1280 1978 pariterque
1311 1907 1370 1957 et
1399 1897 1561 1958 sures
1587 1895 1847 1976 prodidit
1868 1906 1927 1956 et
1948 1903 2177 1975 partem
2200 1897 2397 1958 ebrio-

240 2001 377 2042 rum
412 1982 698 2042 excitavit.
760 1983 890 2062 Syri
920 1982 1003 2043 illi
1035 1982 1137 2061 qui
1165 1989 1453 2042 venerant
1481 1981 1550 2041 ad
1583 1979 1892 2060 praedam,
1935 1989 2249 2061 postquam
2292 1981 2396 2044 de-

240 2068 575 2147 prehensos
598 2086 660 2129 se
684 2067 1122 2140 intellexerunt,
1146 2068 1368 2146 pariter
1389 2068 1716 2128 secundum
1740 2065 1960 2127 lectum
1986 2066 2394 2139 conciderunt,

239 2162 309 2213 ut
336 2161 578 2231 putares
606 2153 720 2213 hoc
749 2153 1128 2226 convenisse,
1172 2161 1230 2213 et
1272 2161 1522 2213 stertere
1552 2161 1831 2230 tanquam
1865 2150 2001 2211 olim
2035 2150 2395 2213 dormientes

244 2246 596 2317 coeperunt.

416 2324 529 2383 iam
555 2332 613 2383 et
634 2323 1064 2385 tricliniarches
1086 2332 1467 2403 experrectus
1482 2320 1741 2382 lucernis
1765 2320 2172 2382 occidentibus
2195 2320 2392 2381 oleum

246 2408 560 2482 infuderat,
595 2417 654 2469 et
683 2409 856 2487 pueri
886 2408 1135 2470 detersis
1165 2407 1466 2488 paulisper
1488 2404 1674 2466 oculis
1696 2404 1994 2465 redierant
2023 2405 2091 2465 ad
2126 2406 2392 2467 ministe-

242 2494 419 2567 rium,
464 2511 600 2554 cum
631 2494 860 2554 intrans
890 2493 1280 2573 cymbalistria
1310 2502 1369 2553 et
1409 2507 1779 2570 concrepans
1808 2507 1942 2550 aera
1988 2509 2194 2552 omnes
2239 2491 2397 2552 exci-

238 2578 399 2639 tavit.
458 2580 743 2640 refectum
789 2579 970 2658 igitur
1013 2589 1101 2641 est
1144 2577 1473 2639 convivium
1520 2586 1580 2637 et
1620 2593 1826 2636 rursus
1858 2575 2138 2645 Quartilla
2185 2577 2254 2637 ad
2300 2575 2392 2637 bi·
2413 2578 2495 2642 23

239 2663 506 2724 bendum
553 2665 861 2725 revocavit.
936 2665 1151 2725 adiuvit
1192 2663 1544 2724 hilaritatem
1588 2659 1957 2721 comissantis
2002 2661 2396 2741 cymbalistria

1301 2769 1333 2807 *

414 2833 595 2892 intrat
625 2833 940 2905 cinaedus,
988 2834 1164 2894 homo
1211 2832 1476 2894 omnium
1522 2830 1947 2892 insulsissimus
1990 2838 2050 2890 et
2092 2830 2266 2908 plane
2297 2830 2391 2891 illa

242 2919 421 2979 domo
451 2918 697 2995 dignus,
729 2919 831 2997 qui
862 2927 927 2979 ut
956 2918 1221 2980 infractis
1251 2917 1527 2978 manibus
1556 2915 1915 2994 congemuit,
1948 2915 2235 2977 eiusmodi
2265 2933 2395 2976 car-

247 3003 406 3063 mina
436 3002 674 3064 effudit:

554 3088 692 3148 ‘huc
725 3088 842 3147 huc
871 3090 976 3149 cito
1010 3087 1323 3148 convenite
1354 3103 1538 3158 nunc,
1569 3084 2044 3164 spatalocinaedi,

549 3173 702 3251 pede
731 3171 973 3243 tendite,
1006 3189 1244 3233 cursum
1275 3172 1486 3243 addite,
1518 3169 1822 3231 convolate
1851 3169 2050 3248 planta

551 3259 884 3337 femoreque
913 3256 1085 3330 facili,
1117 3256 1293 3318 clune
1326 3256 1458 3335 agili
1491 3264 1550 3317 et
1578 3273 1755 3317 manu
1787 3271 2085 3335 procaceS,

553 3342 780 3414 molles,
809 3350 1059 3415 veteres,
1093 3341 1308 3402 Deliaci
1340 3359 1519 3403 manu
1550 3340 1761 3402 recisi.'

247 3429 618 3507 consumptis
661 3425 924 3489 versibus
953 3427 1075 3489 suis
1104 3427 1571 3488 immundissimo
1604 3425 1887 3486 mebasio
1918 3422 2212 3503 conspuit.
2257 3441 2399 3483 mox

139 3524 200 3575 35
247 3524 306 3573 et
335 3513 760 3592 superlectum
808 3512 966 3573 venit
1007 3521 1182 3591 atque
1227 3512 1385 3572 omui
1416 3512 1473 3572 vi
1503 3511 1722 3572 detexit
1764 3518 2155 3570 recusantem.
2214 3527 2398 3589 super

247 3597 491 3677 inguina
544 3616 673 3658 mea
725 3596 826 3658 diu
877 3597 1245 3676 multumque
1295 3598 1510 3658 frustra
1562 3595 1788 3656 moluit.
1863 3593 2239 3673 profluebant
2289 3612 2402 3674 per

427 3770 451 3819 1
489 3766 692 3818 invitati
739 3763 1013 3832 Iahniusfl
1052 3766 1083 3816 6
1133 3763 1310 3815 iniuria
1356 3761 1568 3828 depulsa
1618 3762 1756 3812 male
1792 3764 2032 3813 breviata
2074 3763 2329 3814 videntur
2377 3762 2389 3830 1

246 3836 390 3902 larga
442 3835 873 3900 langor-mannus
914 3833 934 3899 ΙΙ
978 3838 1004 3884 7
1059 3832 1356 3899 sopionibus
1407 3831 1535 3881 libri
1581 3831 1780 3883 Catulli
1820 3831 1889 3883 37
1904 3869 1918 3893 ,
1964 3830 2045 3882 10.
2093 3831 2397 3898 ropionibus

247 3906 499 3955 Hertzt'm
535 3905 555 3967 n
592 3905 651 3956 11
707 3900 1003 3952 marcebant
1041 3899 1404 3952 Tornaesiana
1431 3898 1452 3964 ss
1482 3900 1542 3951 16
1596 3898 1746 3964 fregit
1782 3899 1802 3966 {l
1837 3901 1902 3951 20
1938 3903 2252 3964 expectatur
2304 3914 2397 3951 eos

250 3972 499 4024 convivas
535 3985 649 4022 esse
686 3974 784 4020 aut
805 3970 1073 4020 nobiscum
1098 3969 1302 4020 venisse
1331 3967 1351 4034 11
1376 3969 1442 4019 26
1476 3966 1710 4027 fortasse
1732 3967 2112 4035 cymbalistriae
2149 3966 2391 4033 [cantusfl

251 4043 317 4093 28
356 4039 653 4104 concrepuit
687 4039 909 4089 Iahnius
933 4037 953 4103 ΙΙ
977 4038 1043 4088 33
1080 4049 1294 4088 veneres
1330 4035 1578 4103 coniectu
1607 4038 1670 4089 36
1706 4035 2028 4104 perfluebaut

356 4121 555 4166 Petronii
579 4122 747 4170 satirae
778 4120 850 4165 ed.
878 4120 956 4165 111.
1956 4120 1986 4170 2
