2881 4580
181 495 259 547 Lo

1190 324 1471 378 SA'nRAE

424 497 636 576 ecquid
666 497 937 559 Romano
966 497 1154 559 sentis
1182 506 1242 559 te
1274 498 1539 577 pondere
1568 498 1798 573 victam,

424 601 533 644 nec
564 601 741 662 posse
771 582 1021 644 ulterius
1050 582 1371 662 perituram
1417 584 1699 645 extollere
1728 585 1946 646 molem
1966 584 1997 645 ⁴?

423 667 548 746 ipsa
578 686 716 730 suas
744 667 899 729 vires
928 667 1053 729 odit
1082 668 1346 729 Romana
1374 668 1650 730 iuventus

425 762 482 813 et
512 770 658 831 quas
688 752 902 814 struxit
932 770 1095 831 opes,
1126 752 1276 813 male
1304 753 1578 815 sustinet.
1636 754 1834 833 aspice
1863 753 1977 817 late

422 836 711 898 luxuriam
743 837 1069 917 spoliorum
1100 847 1159 898 et
1189 856 1434 899 censum
1467 839 1530 899 in
1561 839 1773 900 damna
1805 840 2122 903 furentem.

423 921 733 982 aedificant
760 940 907 982 auro
938 922 1226 1001 sedesque
1254 923 1328 984 ad
1356 923 1549 984 sidera
1580 924 1842 1000 mittunt,

423 1006 802 1086 expelluntur
831 1025 1019 1085 aquae
1048 1008 1222 1080 saxis,
1252 1025 1416 1068 mare
1446 1009 1710 1070 nascitur
1739 1009 1910 1084 arviS,

423 1100 482 1152 et
509 1099 836 1170 permutata
868 1109 1069 1152 rerum
1097 1092 1350 1153 statione
1381 1092 1692 1154 rebellant.

422 1195 497 1236 en
530 1176 704 1237 etiam
735 1195 862 1237 mea
894 1195 1079 1255 regna
1110 1185 1343 1257 petunt.
1402 1179 1669 1256 perfossa
1698 1177 1949 1240 dehiscit

422 1260 678 1323 molibus
706 1261 931 1322 insanis
960 1261 1155 1333 tellus,
1185 1262 1301 1322 iam
1330 1262 1637 1323 montibus
1663 1262 1886 1324 haustis

423 1354 589 1406 antra
620 1354 887 1425 gemunt,
919 1355 978 1407 et
1007 1346 1148 1408 dum
1179 1365 1361 1408 vanos
1388 1346 1540 1426 lapis
1568 1347 1794 1408 invenit
1822 1366 1985 1423 usus,

424 1429 642 1491 inferni
673 1448 880 1493 manes
908 1431 1135 1492 caelum
1166 1449 1407 1511 sperare
1435 1432 1717 1492 fatentur.

408 1533 607 1593 -quare
636 1534 764 1594 age,
796 1515 964 1589 Fors,
992 1525 1156 1577 muta
1184 1524 1460 1597 pacatum
1489 1517 1550 1577 in
1583 1515 1805 1597 proelia
1833 1516 2058 1577 vultum

423 1599 842 1679 Romanosque
871 1601 962 1662 cie
991 1618 1061 1662 ac
1092 1601 1313 1663 nostris
1341 1600 1413 1663 da
1444 1603 1657 1663 funera
1687 1600 1908 1680 regnis.

425 1684 538 1744 iam
569 1685 799 1764 pridem
832 1685 998 1746 nullo
1028 1686 1440 1765 perfundimus
1470 1705 1573 1747 ora
1604 1704 1839 1759 cruore,

424 1786 536 1830 nec
564 1788 694 1830 mea
726 1770 1051 1849 Tisiphone
1079 1770 1334 1831 sitientis
1361 1771 1583 1850 perluit
1608 1779 1789 1845 artus,

425 1871 495 1913 ex
526 1872 647 1932 quo
678 1854 955 1917 Sullanus
984 1853 1137 1916 bibit
1164 1855 1325 1917 ensis
1354 1867 1415 1917 et
1444 1856 1683 1917 horrida
1711 1856 1887 1917 tellus

425 1939 632 2000 extulit
658 1939 719 2000 in
753 1939 946 2000 lucem
978 1940 1233 2001 nutritas
1262 1941 1553 2021 sanguine
1583 1940 1842 2020 fruges’'.

506 2024 655 2084 haec
683 2023 786 2085 ubi
815 2024 968 2086 dicta
999 2025 1179 2098 dedit,
1207 2026 1447 2087 dextrae
1475 2026 1845 2106 coniungere
1868 2025 2134 2088 dextram

426 2118 676 2170 conatus
703 2120 883 2189 rupto
911 2109 1183 2171 tellurem
1215 2110 1388 2172 solvit
1408 2110 1590 2171 hiatu.

423 2201 568 2254 tunc
596 2193 863 2255 Fortuna
893 2194 1004 2255 levi
1034 2194 1260 2256 defudit
1288 2204 1535 2275 pectore
1560 2213 1766 2256 voces:

429 2281 502 2340 “o
533 2279 789 2358 genitor,
821 2280 918 2341 cui
949 2279 1151 2359 Cocyti
1181 2279 1507 2360 penetralia
1542 2287 1776 2359 parent,

424 2364 474 2425 si
500 2364 679 2425 modo
710 2383 846 2426 vera
875 2366 1019 2426 mihi
1049 2367 1135 2427 sas
1166 2374 1256 2427 est
1284 2365 1529 2443 impune
1559 2363 1804 2444 profari,

424 2457 555 2509 vota
584 2449 692 2510 tibi
726 2449 970 2525 cedent;
1003 2468 1116 2511 nec
1147 2449 1307 2511 enim
1338 2449 1538 2510 minor
1567 2451 1652 2510 ira
1684 2447 1931 2510 rebellat

427 2542 672 2614 pectore
701 2534 764 2594 in
796 2535 910 2595 hoc
938 2535 1242 2613 leviorque
1270 2533 1466 2595 exurit
1492 2534 1724 2595 flamma
1753 2532 2057 2595 medullas·

426 2618 643 2691 omnia,
676 2636 826 2697 quae
854 2619 1037 2680 tribui
1066 2619 1350 2681 Romanis
1378 2618 1634 2693 arcibus,
1665 2618 1762 2680 odi

423 2703 890 2782 muneribusque
920 2705 1068 2765 meis
1097 2704 1342 2766 irascor.
1401 2704 1667 2766 destruet
1695 2705 1833 2766 istas

425 2787 598 2862 idem,
631 2788 734 2867 qui
763 2789 981 2867 posuit,
1010 2790 1197 2850 moles
1226 2789 1393 2852 deus.
1456 2800 1518 2851 et
1546 2790 1690 2850 mihi
1719 2789 1884 2851 cordi

424 2873 646 2953 quippe
675 2891 940 2934 cremare
969 2874 1126 2935 viros
1154 2882 1214 2935 et
1243 2875 1536 2953 sanguine
1565 2892 1812 2954 pascere
1841 2873 2064 2935 luxum.

426 2976 607 3019 cerno
639 2958 913 3036 equidem
945 2959 1184 3037 gemina
1210 2959 1323 3020 iam
1354 2968 1572 3021 stratos
1600 2969 1792 3020 morte
1822 2958 2126 3038 Philippos

425 3042 876 3121 Thessaliaeque
907 3061 1087 3122 rogos
1114 3052 1175 3106 et
1202 3046 1411 3106 funera
1443 3044 1639 3121 gentis
1667 3043 1940 3106 Hiberae.

426 3126 538 3188 iam
569 3128 768 3205 fragor
797 3145 1099 3190 armorum
1127 3129 1496 3208 trepidantes
1528 3137 1811 3207 personat
1837 3145 2030 3189 aures.

426 3221 486 3273 et
513 3211 732 3291 Libyae
760 3230 947 3274 cerno
974 3222 1097 3287 tua,
1126 3214 1274 3286 Nile,
1305 3213 1604 3292 gementia
1630 3214 1884 3275 claustra

424 3295 815 3375 Actiacosque
842 3297 1013 3359 sinus
1041 3307 1102 3359 et
1131 3298 1421 3377 Apollinis
1449 3316 1608 3359 arma
1639 3299 1935 3359 timentes.

429 3381 644 3461 pande,
674 3400 805 3460 age,
836 3391 1130 3443 terrarum
1158 3383 1413 3445 sitientia
1445 3402 1631 3462 regna
1659 3371 1897 3443 tuarsfm

427 3475 608 3544 atque
638 3467 865 3528 animas
893 3484 1133 3529 accerse
1164 3486 1366 3529 novas.
1424 3468 1520 3529 vix
1551 3468 1742 3528 navita
1774 3466 2129 3526 Porthmeus

428 3551 682 3612 sufficiet
710 3551 1023 3613 simulacra
1051 3553 1243 3614 virum
1272 3553 1586 3615 traducere
1617 3550 1861 3623 cumba;

429 3634 614 3697 classe
645 3654 797 3715 opus
826 3646 937 3699 est.
995 3646 1179 3716 tuque
1210 3637 1442 3718 ingenti
1470 3637 1682 3699 satiare
1712 3635 1905 3707 ruina,

258 4088 409 4129 cerno

426 3805 493 3856 92
529 3817 692 3855 vanus
732 3803 773 3853 0
807 3802 978 3855 varios
1012 3804 1059 3855 L
1087 3803 1099 3869 Ι
1127 3819 1275 3855 usum
1316 3803 1357 3853 0
1383 3802 1404 3869 Ι
1426 3805 1493 3857 93
1527 3802 1768 3854 iubentur
1797 3799 2031 3861 fortasse
2065 3799 2112 3850 L
2141 3796 2162 3866 ΙΙ
2199 3800 2264 3854 95
2302 3798 2412 3850 acie

260 3868 507 3931 Guelferb
550 3871 748 3935 mutu
779 3871 877 3924 106
902 3871 1131 3923 leviorve
1158 3872 1409 3922 Pithoeus
1450 3870 1471 3937 ΙΙ
1513 3872 1613 3923 109
1648 3875 1730 3922 est
1764 3868 1888 3920 mihi
1924 3868 2218 3921 Semanous
2257 3864 2278 3932 ΙΙ
2317 3868 2415 3919 110

258 3952 449 3991 annare
511 3976 528 3990 .
563 3939 629 3991 F.
668 3938 1013 4006 Gronovius!
1044 3941 1139 3992 111
1177 3939 1383 4004 gemino
1419 3944 1474 3990 et
1505 3937 1667 3990 Marte
1708 3936 2073 3989 Tomaesiana
2105 3935 2126 4002 11
2166 3935 2264 3988 113
2295 3938 2419 3999 poet

261 4008 353 4060 115
389 4006 688 4060 collocabat
720 4006 1081 4071 Suringarus.
1151 4022 1258 4071 quo
1308 4005 1458 4068 facto
1511 4006 1789 4072 iungenda
1835 4004 2051 4057 Hiberae
2104 4007 2157 4055 et
2192 4002 2413 4069 Libyae:

2321 332 2401 392 87

2238 2036 2325 2088 100

2237 2457 2324 2509 105

2239 2881 2326 2934 110

2240 3304 2327 3356 115

2459 2025 2577 2087 121
