2881 4580
482 302 523 360 4

472 473 723 548 Neroni;
770 473 1060 552 fregitque
1105 473 1378 546 anulum,
1426 492 1503 534 ne
1549 491 1684 534 mox
1714 473 1847 534 usui
1878 482 2032 534 esset
2059 474 2130 534 ad
2162 474 2426 534 facienda
2456 474 2618 554 peri·-

473 559 622 620 cula.
684 558 1000 637 ambigenti
1030 559 1271 632 Neroni,
1305 577 1563 637 quonam
1593 558 1769 619 modo
1802 560 2062 619 noctium
2109 577 2347 620 suarum
2376 559 2616 639 ingenia

474 652 880 717 notescerent,
928 643 1175 704 offertur
1220 644 1358 704 Silia
1403 644 1777 704 matrimonio
1810 644 2096 706 senatoris
2139 645 2294 705 haud
2326 645 2527 723 ignota
2558 656 2620 706 et

471 729 582 808 ipsi
611 729 681 789 ad
712 747 949 789 omnem
980 726 1279 789 libidinem
1309 728 1528 790 adscita
1559 748 1626 789 ac
1660 728 1933 789 Petronio
1964 748 2248 808 perquam
2300 730 2617 792 familiaris.

472 815 662 892 agitur
690 813 751 874 in
785 813 1042 887 exilium,
1073 822 1352 892 tanquam
1384 833 1506 874 non
1540 813 1796 875 siluisset
1825 831 1973 892 quae
2003 815 2226 876 viderat
2267 816 2617 894 pertulerat-

474 917 607 978 que,
638 898 879 978 proprio
912 899 1066 959 odio.

649 1284 977 1347 Macrobius
1006 1291 1069 1347 in
1115 1291 1402 1348 somnium
1435 1286 1718 1367 Scipionis
1760 1285 1796 1347 I
1834 1284 1891 1358 2,
1935 1283 2005 1348 8,·
2063 1287 2325 1348 auditum
2354 1290 2620 1351 mulcent

472 1370 630 1431 velut
658 1372 995 1432 comoediae
1041 1372 1240 1450 quales
1271 1372 1594 1433 Menander
1638 1373 1830 1433 eiusve
1876 1372 2199 1433 imitatores
2229 1375 2482 1451 agendas
2513 1375 2618 1435 de-

474 1457 708 1529 derunt,
738 1457 830 1517 vel
860 1469 1201 1536 argumenta
1232 1458 1383 1519 fictis
1414 1457 1647 1519 casibus
1678 1465 2002 1517 amatorum
2035 1459 2249 1519 referta
2282 1459 2495 1538 quibus
2525 1460 2619 1521 vel

472 1542 718 1602 multum
764 1560 826 1602 se
858 1542 1095 1635 Arbiter
1139 1543 1403 1604 exercuit
1445 1543 1535 1602 vel
1575 1542 1887 1622 Apuleium
1933 1561 2366 1622 nonnunquam
2410 1545 2616 1607 lusisse

472 1626 771 1691 miramur

642 1811 883 1874 Ioannes
908 1812 1094 1892 Lydus
1127 1813 1192 1876 de
1220 1813 1653 1914 magistratibus
1682 1811 1718 1873 I
1742 1809 1854 1874 41.-
1904 1814 2191 1894 Τοῦρνος
2223 1811 2295 1876 δὲ
2323 1813 2434 1878 καὶ
2453 1804 2617 1879 Ἰου-

469 1893 776 1997 βενάλιος
819 1898 931 1962 καὶ
976 1896 1357 2001 Πετρώνιος
1406 1888 1697 1961 αὐτόθεν
1740 1907 1888 1972 ταῖς
1934 1896 2300 1983 λοιδορίαις
2344 1897 2618 1976 ἐπεξελ-

472 1978 716 2057 θόντες
743 1979 860 2048 τὸν
894 2004 1245 2068 σατυρικον
1277 1981 1481 2064 νόμον
1512 1985 1968 2066 παρέτρωσαν.
