2881 4580
1081 282 1485 336 FRAGMENTA
2238 282 2268 338 1
2278 282 2358 339 09

1280 897 1306 958 1

379 999 622 1062 Servius
649 1001 727 1062 ad
758 999 973 1080 Vergili
996 998 1134 1061 Aen.
1163 996 1393 1062 11157:
1421 1001 1548 1061 auri
1577 1019 1741 1062 sacra
1772 1003 1976 1079 fames]
2000 1020 2165 1064 sacra
2195 1002 2248 1064 id
2274 1013 2361 1064 est

214 1085 574 1148 execrabilis.
635 1095 859 1146 tractus
904 1094 991 1147 est
1035 1094 1229 1146 autem
1274 1104 1472 1147 sermo
1518 1105 1587 1146 ex
1634 1105 1799 1148 more
1842 1086 2164 1149 Gallorum.
2229 1107 2360 1149 nam

213 1171 604 1233 Massilienses
636 1171 912 1250 quotiens
942 1171 1274 1249 pestilentia
1310 1170 1676 1246 laborabant,
1708 1191 1866 1233 unus
1911 1192 1974 1233 se
2021 1192 2091 1234 ex
2136 1192 2361 1254 paupe-

211 1257 371 1318 ribus
404 1255 693 1318 offerebat
720 1256 965 1317 alendus
995 1274 1153 1316 anno
1183 1256 1417 1335 integro
1450 1256 1702 1336 publicis
1731 1258 2048 1338 sumptibus
2071 1268 2129 1319 et
2157 1259 2363 1338 purio-

213 1343 372 1404 ribus
419 1341 585 1403 cibis.
646 1341 743 1402 hic
786 1349 993 1422 postea
1035 1350 1280 1402 ornatus
1324 1342 1601 1403 verbenis
1631 1351 1689 1403 et
1731 1342 1990 1403 vestibus
2033 1344 2216 1405 sacris
2246 1344 2361 1404 cir-

214 1426 678 1489 cumducebatur
720 1444 830 1506 per
870 1434 1053 1487 totam
1103 1426 1393 1488 civitatem
1439 1446 1573 1488 cum
1622 1427 2123 1503 execrationibus,
2182 1438 2248 1489 ut
2299 1429 2359 1489 in

213 1513 404 1592 ipsum
435 1512 771 1574 reciderent
799 1512 951 1572 mala
980 1512 1159 1573 totius
1188 1512 1454 1587 civitatis,
1488 1522 1545 1574 et
1573 1513 1658 1574 sic
1689 1512 2200 1593 praecipitabatur.
2245 1512 2361 1573 hoc

213 1609 405 1660 autem
436 1598 498 1658 in
533 1597 813 1659 Petronio
844 1598 1066 1658 lectum
1096 1605 1185 1659 est

1257 1748 1311 1809 11

379 1851 622 1913 Servius
666 1852 744 1914 ad
793 1850 1006 1931 Veryili
1032 1849 1165 1914 Aen.
1196 1849 1330 1913 XII
1367 1848 1495 1915 159
1539 1852 1605 1914 de
1632 1852 1919 1931 feminino
1948 1855 2254 1914 nominum
2298 1855 2360 1914 in

212 1957 322 1999 ron
352 1941 693 2000 exeuntium
722 1955 924 2016 genere
939 1940 1331 2017 praecipiens:
1362 1937 1411 1999 si
1442 1947 1640 1999 autem
1663 1956 1694 1998 a
1716 1936 1898 1998 verbo
1925 1956 2046 1998 non
2070 1938 2361 2012 venerint,

212 2024 549 2086 communia
606 2030 765 2084 sunt.
855 2040 993 2083 nam
1036 2022 1305 2084 similiter
1347 2023 1669 2085 masculina
1714 2032 1773 2083 et
1815 2023 2100 2083 feminina
2144 2024 2204 2083 in
2250 2036 2367 2083 ‘ron

212 2118 448 2184 exeunt,
480 2117 547 2169 ut
574 2108 672 2168 hic
703 2117 762 2169 et
790 2108 935 2168 baec
964 2116 1234 2183 senator,
1280 2108 1377 2170 hic
1422 2117 1483 2169 et
1525 2109 1671 2169 haec
1701 2107 2038 2181 balneator,
2083 2108 2221 2169 licet
2250 2107 2360 2169 Pe-

209 2197 440 2257 tronius
469 2194 840 2272 usurpaverit
864 2193 1321 2255 ‘balneatricem'
1345 2193 1551 2254 dicens

1252 2345 1332 2406 III

380 2449 709 2514 Pseudacro
740 2449 817 2510 ad
842 2449 1057 2511 Horati
1098 2449 1253 2529 epod.
1311 2445 1364 2507 V
1385 2445 1499 2509 48.-
1529 2448 1771 2510 Canidia
1801 2447 2021 2510 rodens
2065 2444 2362 2533 pollicem]

210 2537 475 2598 habitum
536 2545 595 2596 et
650 2543 877 2596 motum
923 2533 1198 2595 Canidiae
1255 2535 1544 2614 expressit
1585 2534 1854 2596 furentis.
1943 2532 2255 2595 Petronius
2300 2545 2365 2594 ut

210 2629 572 2683 monstraret
600 2621 915 2695 furentem,
946 2618 1196 2699 ‘pollice'
1225 2619 1303 2680 ait
1334 2622 1543 2699 ‘usque
1573 2620 1642 2680 ad
1675 2617 2005 2700 periculum
2038 2617 2193 2680 roso’

1227 2772 1332 2833 1111

391 2891 668 2955 Sidonius
696 2890 1049 2972 Apollinaris
1078 2896 1353 2954 carminis
1379 2891 1609 2953 XXIII:

594 2987 679 3038 145
767 2976 904 3055 quid
935 2995 1039 3038 vos
1070 2978 1289 3056 eloquii
1321 2996 1526 3039 canam
1560 2977 1773 3051 Latini,

765 3061 1037 3141 ArpinaS‚
1070 3062 1363 3138 patavine,
1394 3059 1758 3124 Mantuano?
1789 3096 1869 3107 —-

591 3157 677 3207 155
762 3155 821 3207 et
849 3157 907 3207 te
930 3147 1380 3210 Massiliensium
1409 3168 1520 3228 per
1547 3149 1753 3209 hortos

765 3232 916 3293 sacri
947 3232 1179 3312 stipitis,
1211 3233 1466 3307 Arbiter,
1499 3233 1776 3295 colonum

766 3316 1246 3397 Hellespontiaco
1276 3337 1482 3398 parem
1513 3315 1775 3398 Priapo?

247 3484 285 3545 f
322 3483 363 3546 f
384 3418 541 3536 talngi
576 3417 787 3467 videtur
819 3434 905 3468 res
940 3434 1100 3483 quam
1134 3419 1415 3469 Petronius
1432 3418 1706 3470 Massiliae
1739 3416 1944 3480 factam
1978 3430 2087 3465 esse
2109 3413 2364 3477 finxerat,

219 3495 248 3535 e
275 3522 288 3536 .
352 3502 400 3537 r.

1265 3589 1313 3651 V

391 3688 728 3752 Priscianus
773 3693 1203 3754 institutionum
1242 3689 1385 3753 VIII
1421 3688 1507 3753 16
1541 3711 1601 3772 p.
1634 3687 1758 3754 381
1807 3699 1858 3750 et
1900 3687 1991 3749 XI
2026 3684 2112 3751 29
2146 3709 2208 3769 p.
2238 3685 2364 3752 567

218 3773 454 3837 Hertzii
495 3779 647 3836 inter
687 3775 948 3856 eoeempla
1002 3778 1206 3857 quibus
1272 3777 1671 3858 deponentium
1715 3775 2020 3837 verborum
2058 3777 2366 3855 participia

216 3864 521 3941 praeteriti
548 3864 820 3941 temporis
840 3865 1133 3942 passivam
1162 3864 1637 3943 siyni'ficationem
1678 3861 1885 3923 habere
1929 3860 2209 3923 declarat:
2254 3861 2366 3922 Pe-

219 3947 454 4009 tronius
484 3945 755 4007 ‘animam
788 3956 994 4009 nostro
1026 3948 1349 4027 amplexam
1380 3947 1642 4029 pectore’

383 4045 624 4108 forsitan
659 4043 831 4107 fuerit
863 4049 923 4098 in
958 4049 1267 4100 hemametro
1305 4051 1584 4116 nostroque
1618 4047 1902 4114 amplexam
1939 4051 2145 4113 pectore
