2881 4580
440 248 471 305 1
481 248 564 306 04
1351 249 1657 303 PETRONII

440 423 582 483 lium
627 422 906 501 exposui,
953 431 1010 482 et
1056 442 1130 484 ne
1176 423 1396 485 diutius
1440 424 1623 485 tristis
1653 433 1835 497 esset,
1883 424 2139 485 iacturae
2170 424 2583 503 pausationem
2628 432 2674 483 L

439 526 708 568 anserem
756 507 960 568 obtuli.
1023 526 1196 586 quem
1236 505 1247 590 Ι
1284 528 1436 570 anus
1480 518 1546 569 ut
1588 510 1746 583 vidit,
1794 518 1910 570 tam
1941 527 2217 588 magnum
2248 528 2436 588 aeque
2467 510 2585 571 cla·
2601 518 2695 569 LO

442 611 667 653 morem
713 591 976 665 sustulit,
1024 603 1088 654 ut
1114 603 1352 673 putares
1381 594 1595 656 iterum
1627 613 1868 656 anseres
1896 595 2076 655 limen
2110 595 2378 657 intrasse.
2439 614 2587 657 con-

442 679 608 739 fusus
650 678 846 756 itaque
878 686 937 738 et
967 679 1222 741 novitate
1251 679 1533 741 facinoris
1563 680 1847 741 attonitus
1876 680 2264 758 quaerebam,
2311 680 2452 759 quid
2484 699 2588 741 ex-

272 765 393 827 137
442 763 804 835 canduisset,
851 773 952 823 aut
995 782 1178 842 quare
1222 765 1449 827 anseris
1489 765 1685 844 potius
1716 784 1891 844 quam
1924 765 2037 826 mei
2070 765 2468 827 misereretur.
2531 778 2590 826 at
2635 778 2665 825 5

444 848 537 908 illa
583 848 901 926 complosis
939 849 1213 910 manibus
1244 850 1562 911 ‘scelerate'
1593 850 1786 930 inquit
1815 852 2008 911 ‘etiam
2041 848 2344 929 loqueris?
2391 852 2588 913 nescis

445 951 618 1012 quam
653 950 929 1010 magnum
961 934 1245 1012 flagitium
1276 935 1609 1000 admiseris:
1658 936 1920 997 occidisti
1954 935 2148 1015 Priapi
2182 936 2446 1010 delicias,
2477 954 2586 996 an-

443 1037 633 1079 serem
667 1017 943 1079 omnibus
973 1020 1257 1081 matronis
1287 1021 1778 1098 acceptissimum.
1824 1022 2020 1099 itaque
2053 1040 2128 1081 ne
2158 1029 2218 1081 te
2242 1031 2414 1100 putes
2438 1021 2588 1083 nihil

444 1103 650 1182 egisse,
682 1103 730 1164 si
762 1102 1135 1182 magistratus
1163 1105 1277 1165 hoc
1307 1105 1569 1179 scierint,
1601 1106 1713 1167 ibis
1743 1106 1802 1166 in
1836 1125 2094 1167 crucem.
2154 1106 2414 1185 polluisti
2448 1125 2588 1168 san-

442 1188 623 1268 guine
668 1187 1026 1250 domicilium
1071 1209 1269 1252 meum
1312 1200 1449 1252 ante
1489 1192 1650 1252 hunc
1677 1191 1830 1252 diem
1860 1191 2235 1264 inviolatum,
2283 1192 2591 1270 fecistique
2642 1202 2696 1252 10

444 1282 510 1334 ut
539 1291 654 1348 me,
688 1273 952 1352 quisquis
982 1275 1232 1337 voluerit
1259 1276 1556 1344 inimicus,
1587 1277 1913 1338 sacerdotio
1947 1276 2136 1357 pellat'

1503 1385 1533 1418 ³¹⁸

607 1440 619 1525 1
658 1443 1116 1523 ‘rogo’jnquam
1150 1446 1292 1507 ‘noli
1337 1447 1620 1507 clamare:
1668 1465 1777 1526 ego
1808 1446 1914 1507 tibi
1945 1465 2054 1526 pro
2085 1464 2293 1508 ansere
2323 1446 2589 1507 strutho-
2625 1456 2668 1505 L

445 1530 731 1591 camelum
763 1529 1019 1591 reddam'

1500 1616 1531 1652 *

616 1700 755 1760 dum
802 1702 944 1761 haec
986 1718 1082 1761 me
1126 1709 1407 1781 stupente
1453 1703 1513 1763 in
1559 1703 1777 1764 lectulo
1822 1702 1986 1763 sedet
2030 1702 2374 1781 anserisque
2405 1703 2592 1762 fatum

448 1784 804 1863 complorat,
849 1785 1083 1846 interim
1118 1785 1468 1849 Proselenos
1511 1806 1645 1848 cum
1676 1788 1944 1867 impensa
1971 1787 2240 1848 sacrificii
2271 1787 2463 1861 venit,
2507 1787 2592 1847 vi-
2638 1799 2694 1849 15

447 1888 635 1948 soque
679 1888 889 1930 ansere
934 1870 1130 1932 occiso
1174 1872 1468 1933 sciscitata
1514 1891 1748 1934 causam
1776 1872 2045 1933 tristitiae
2077 1882 2135 1933 et
2164 1873 2287 1951 ipsa
2319 1873 2461 1933 flere
2497 1891 2593 1932 ve-

448 1954 784 2016 hementius
813 1955 1008 2035 coepit
1037 1957 1273 2036 meique
1302 1957 1601 2031 misereri,
1634 1967 1916 2036 tanquam
1946 1966 2173 2037 patrem
2205 1976 2433 2030 meum,
2469 1977 2591 2018 non

448 2039 750 2119 publicum
811 2059 1114 2115 anserem,
1175 2042 1538 2104 occidissem.
1613 2043 1808 2122 itaque
1854 2043 2042 2104 taedio
2087 2043 2360 2121 fatigatus
2406 2042 2592 2122 ‘rogo’

450 2126 690 2204 inquam
723 2126 980 2206 ‘expiare
1011 2144 1220 2189 manus
1249 2128 1438 2206 pretio
1469 2128 1642 2190 liceat

450 2211 497 2272 si
542 2230 644 2272 vos
687 2229 1131 2292 provocassem,
1179 2214 1350 2274 etiam
1396 2214 1445 2274 si
1489 2213 1869 2275 homicidium
1913 2214 2198 2275 fecissem.
2261 2233 2398 2275 ecce
2445 2215 2595 2275 duos
2639 2219 2697 2269 20

451 2315 663 2359 aureos
706 2317 899 2377 pono,
945 2299 1104 2360 unde
1149 2299 1385 2378 possitis
1430 2309 1490 2361 et
1519 2301 1662 2362 deos
1692 2310 1750 2362 et
1779 2318 2020 2362 anseres
2051 2300 2286 2362 emere'.
2348 2319 2500 2380 quos
2530 2311 2598 2361 ut

449 2383 592 2443 vidit
636 2382 977 2457 Oenothea,
1022 2384 1299 2463 ‘ignosce'
1342 2385 1540 2464 inquit
1583 2386 1979 2458 ‘adulescens,
2024 2387 2269 2447 sollicita
2317 2404 2450 2447 sum
2496 2394 2596 2447 tua

453 2486 645 2529 causa.
707 2470 922 2530 amoris
974 2479 1063 2531 est
1106 2470 1219 2531 hoc
1264 2480 1711 2548 argumentum,
1771 2490 1893 2532 non
1940 2471 2335 2551 malignitatis.
2397 2472 2597 2550 itaque

452 2552 720 2615 dabimus
750 2573 990 2633 operam
1010 2600 1026 2627 ,
1059 2574 1134 2616 ne
1166 2555 1298 2635 quis
1328 2556 1491 2617 sciat.
1551 2566 1616 2617 tu
1648 2555 1824 2617 modo
1856 2555 1998 2618 deos
2028 2575 2200 2637 roga,
2232 2566 2298 2618 ut
2329 2556 2408 2617 illi
2443 2558 2598 2618 facto

450 2647 553 2698 tuo
586 2639 934 2718 ignoscant’.
2645 2647 2705 2696 25

618 2722 626 2805 Ι
667 2724 936 2803 quisquis
963 2724 1139 2785 babet
1171 2743 1464 2798 nummoS,
1497 2744 1704 2787 secura
1736 2726 1967 2805 navigat
1995 2745 2136 2788 aura
2615 2729 2702 2780 LO

708 2810 1125 2888 fortunamque
1155 2829 1262 2871 suo
1294 2819 1583 2890 temperat
1610 2811 1873 2872 arbitrio.

624 2912 870 2954 uxorem
902 2895 1077 2955 ducat
1108 2894 1344 2956 Danaen
1376 2896 1691 2975 ipsumque
1720 2897 1914 2957 licebit

708 2979 997 3041 Acrisium
1030 2980 1226 3040 iubeat
1257 2981 1498 3042 credere
1538 2982 1697 3060 quod
1728 2983 1989 3043 Danaen.

630 3065 889 3125 carmina
921 3074 1256 3144 componat,
1288 3065 1593 3139 declamet,
1624 3076 1947 3146 concrepet
1976 3085 2184 3127 omnes
2646 3060 2707 3109 30

712 3160 771 3210 et
802 3159 1040 3230 peragat
1069 3169 1273 3212 causas
1301 3152 1495 3230 sitque
1527 3151 1748 3213 Catone
1778 3153 1960 3232 prior.

626 3236 1081 3297 iurisconsultus
1113 3241 1316 3315 ‘paret,
1349 3256 1472 3298 non
1505 3237 1691 3316 paret’
1724 3238 1935 3298 habeto

711 3330 888 3400 atque
918 3329 1045 3383 esto
1077 3322 1359 3400 quicquid
1390 3322 1628 3383 Servius
1659 3332 1718 3384 et
1746 3322 1962 3383 Labeo.

629 3406 813 3467 multa
844 3406 1085 3486 loquor:
1120 3409 1277 3486 quod
1310 3407 1411 3480 vis,
1446 3408 1702 3469 nummis
1732 3406 2144 3488 praesentibus
2176 3415 2330 3487 opta,

716 3503 775 3552 et
804 3493 1015 3553 veniet.
1077 3492 1339 3554 clausum
1371 3492 1632 3571 possidet
1666 3511 1798 3554 arca
1830 3493 2028 3553 lovem
2652 3493 2709 3542 35

626 3657 635 3741 Ι
675 3660 827 3722 infra
872 3680 1083 3724 manus
1128 3681 1287 3724 meas
1332 3662 1635 3723 camellam
1680 3661 1795 3722 vini
1842 3662 2071 3741 posuit,
2119 3669 2177 3722 et
2220 3679 2354 3722 cum
2396 3661 2610 3741 digitos
2645 3663 2687 3713 L

637 3813 658 3861 1
701 3810 997 3876 pensionem
1026 3810 1099 3878 112
1137 3812 1260 3863 Cum
1297 3812 1488 3879 protuli
1524 3827 1774 3875 anserem,
1810 3826 1936 3864 anus
1972 3818 2030 3863 ut
2064 3810 2192 3863 vidit
2219 3813 2260 3863 0
2290 3811 2298 3878 Ι
2331 3827 2463 3878 eque
2498 3827 2613 3863 mu-

464 3877 703 3928 tilatum:
740 3892 1009 3944 acremque
1046 3879 1373 3932 Cornelissen
1396 3881 1415 3946 ΙΙ
1444 3884 1475 3933 6
1514 3887 1566 3933 et
1599 3881 1827 3948 loqueris
1852 3878 1871 3946 ΙΙ
1897 3883 1927 3933 9
1967 3880 2137 3932 scierit
2171 3881 2298 3932 libri
2329 3880 2573 3946 plerique
2596 3879 2614 3946 ΙΙ

466 3947 527 3997 19
563 3945 685 3996 licet
725 3944 744 4013 fl
791 3948 851 3999 21
892 3950 943 3997 et
979 3946 1107 3999 duos
1145 3963 1350 4001 anseres
1388 3950 1769 4015 Scaliger-anus
1804 3948 1823 4015 ΙΙ
1860 3950 1924 4000 26
1961 3948 2170 4015 naviget
2207 3947 2227 4016 ΙΙ
2260 3950 2322 4001 27
2363 3953 2613 4014 temperet

462 4013 589 4063 libri
622 4019 840 4079 excepto
877 4015 1135 4066 Ber-nemi
1160 4016 1179 4082 ΙΙ
1205 4018 1271 4069 34
1307 4017 1510 4083 quidvis
1547 4018 1675 4068 libri
1703 4018 1949 4083 plerique
