2881 4580
1221 285 1499 340 sarman
2337 289 2418 350 23

161 464 256 516 HL
268 456 546 535 concepti
579 456 731 530 sint;
763 465 1118 537 temptemus
1147 467 1363 535 tamen,
1393 462 1443 521 si
1473 460 1663 521 adhuc
1699 460 1935 522 sorbilia
1965 462 2144 524 sunt.’
2202 464 2421 545 accipi-

265 559 399 603 mus
448 560 559 602 nos
603 542 929 604 cochlearia
962 563 1085 605 non
1118 545 1317 606 minus
1345 544 1589 606 selibras
1629 546 1948 626 pendentia
1979 566 2201 627 ovaque
2231 568 2302 610 ex
2330 552 2419 611 fa-

266 626 399 686 rina
441 626 655 705 pingui
711 628 957 707 figurata
1002 629 1431 708 pertundimus.
1520 649 1631 709 ego
1675 631 1914 710 quidem
1964 650 2153 712 paene
2196 635 2420 713 proieci

263 718 499 791 partem
530 729 742 786 meam,
777 731 910 774 nam
940 713 1248 775 videbatur
1275 715 1420 776 mihi
1450 715 1565 776 iam
1595 716 1657 777 in
1688 716 1915 795 pullum
1946 718 2151 780 coisse.
2206 719 2419 781 deinde

191 808 224 858 5
267 804 338 857 ut
365 795 558 857 audivi
588 806 846 858 veterem
891 798 1224 860 convivam:
1270 800 1383 861 ‘hic
1430 800 1632 861 nescio
1676 801 1815 879 quid
1861 801 2005 863 boni
2047 802 2222 865 debet
2250 804 2417 878 esse',

264 890 618 960 persecutus
646 891 924 961 putamen
955 901 1136 946 manu
1177 884 1624 964 pinguissimam
1653 886 1964 947 ficedulam
2007 888 2205 949 inveni
2248 890 2419 969 pipe-

264 975 392 1027 rato
424 965 622 1029 vitello
654 967 1096 1030 circumdatam.

435 1051 552 1112 iam
600 1052 953 1114 Trimalchio
999 1054 1199 1115 eadem
1259 1055 1457 1115 omnia
1500 1054 1634 1116 lusu
1678 1055 2020 1118 intermisso
2063 1065 2419 1137 poposcerat
2436 1060 2519 1123 34

262 1136 607 1215 feceratque
650 1147 1002 1216 potestatem
1046 1139 1202 1200 clara
1244 1158 1417 1211 voce,
1461 1139 1511 1201 si
1541 1139 1674 1218 quis
1704 1149 1976 1202 nostrum
2003 1142 2218 1203 iterum
2247 1143 2419 1204 vellet

161 1230 220 1281 ιο
263 1220 520 1281 mulsum
552 1240 819 1294 sumere,
863 1241 998 1284 cum
1042 1223 1238 1286 subito
1282 1223 1518 1303 signum
1548 1226 1902 1305 symphonia
1930 1226 2102 1288 datur
2130 1237 2189 1288 et
2218 1236 2418 1306 gusta-

264 1305 416 1366 toria
445 1306 668 1385 pariter
696 1325 728 1367 a
759 1308 944 1369 choro
989 1318 1264 1370 cantante
1306 1309 1639 1388 rapiuntur.
1714 1318 1974 1372 ceterum
2009 1311 2168 1373 inter
2195 1313 2417 1374 tumul-

265 1399 390 1451 tum
423 1409 558 1451 cum
591 1393 741 1452 sorte
785 1393 1058 1472 paropsis
1102 1394 1411 1455 excidisset
1456 1401 1516 1454 et
1557 1412 1708 1473 puer
1749 1395 2038 1456 iacentem
2070 1397 2416 1471 sustulisset,

266 1475 674 1538 animadvertit
705 1477 1062 1541 Trimalchio
1108 1478 1489 1558 colaphisque
1533 1478 1832 1558 obiurgari
1878 1498 2128 1558 puerum
2159 1499 2226 1543 ac
2257 1483 2416 1560 proi·

266 1578 403 1621 cere
448 1579 656 1622 rursus
697 1562 1074 1643 paropsidem
1104 1563 1288 1624 iussit.
1375 1563 1682 1625 insecutus
1725 1571 1814 1626 est
1842 1563 2174 1628 lecticarius
2202 1584 2417 1646 argen-

91 1652 219 1704 Η15
261 1654 510 1725 tumque
534 1646 691 1707 inter
713 1647 937 1727 reliqua
960 1656 1349 1727 purgamenta
1369 1649 1565 1729 scopis
1581 1649 2074 1729 coepiteverrere.
2116 1650 2126 1732 Ι
2164 1651 2415 1713 subinde

262 1731 636 1792 intraverunt
665 1732 783 1792 duo
815 1733 1131 1812 Aethiopes
1160 1732 1410 1814 capillati
1456 1751 1591 1795 cum
1637 1734 1864 1813 pusillis
1907 1736 2169 1810 utribus,
2216 1737 2416 1815 quales

260 1815 459 1877 solent
501 1834 628 1878 esse
673 1817 776 1895 qui
818 1818 1101 1878 harenam
1145 1818 1206 1879 in
1253 1818 1685 1898 amphitheatro
1729 1830 2048 1900 spargunt,
2094 1821 2415 1901 vinumque

207 1927 211 1931 ·
263 1900 480 1962 dedere
511 1900 573 1961 in
604 1919 847 1976 manus3
878 1921 1088 1982 aquam
1121 1903 1281 1964 enim
1311 1922 1491 1964 nemo
1520 1905 1804 1983 porrexit.

135 1999 228 2051 HL
428 1983 439 2068 Ι
477 1985 745 2047 laudatus
776 1997 1022 2067 propter
1050 1988 1367 2067 elegantias
1397 1987 1673 2051 dominus
1701 1991 1995 2069 ‘aequum'
2022 1991 2217 2070 inquit
2240 1991 2416 2055 ‘Mars

157 2080 218 2131 20
259 2080 432 2132 amat.
518 2071 717 2150 itaque
761 2071 901 2133 iussi
949 2091 1114 2134 suam
1159 2073 1374 2153 cuique
1415 2091 1681 2135 mensam
1733 2075 2037 2156 assignari.
2121 2076 2314 2137 obiter
2357 2086 2415 2138 et

262 2155 614 2236 putidissimi
646 2156 796 2217 servi
839 2156 1130 2219 minorem
1176 2157 1350 2218 nobis
1378 2167 1604 2219 aestum
1638 2159 1966 2237 frequentia
2011 2178 2114 2221 sua
2159 2162 2414 2223 facient'.

431 2240 630 2303 statim
687 2240 892 2303 allatae
948 2251 1088 2305 sunt
1131 2242 1450 2324 amphorae
1493 2243 1707 2304 vitreae
1763 2243 2075 2323 diligenter
2117 2255 2413 2325 gypsatae,

264 2344 515 2405 quarum
545 2327 607 2387 in
640 2327 967 2389 cervicibus
1008 2329 1244 2408 pittacia
1275 2337 1446 2388 erant
1479 2329 1650 2389 affixa
1693 2347 1829 2389 cum
1875 2330 1990 2390 hoc
2033 2330 2236 2391 titulo:
2283 2330 2414 2392 ‘Fa-

263 2410 500 2472 lernum
532 2410 911 2491 Opimianum
940 2430 1234 2474 annorum
1278 2412 1558 2473 centum.'
1634 2412 1772 2474 dum
1803 2414 2007 2476 titulos
2037 2415 2412 2495 perlegimus,

158 2505 216 2555 25
260 2496 577 2575 complosit
606 2496 959 2558 Trimalchio
988 2517 1200 2560 manus
1242 2506 1303 2559 et
1339 2497 1528 2559 ‘eheu’
1573 2498 1766 2576 inquit
1809 2504 1970 2578 ‘ergo
2015 2500 2234 2562 diutius
2276 2501 2414 2563 vivit

170 2595 244 2645 Ἠ
265 2577 275 2663 Ι
322 2581 527 2642 vinum
570 2599 746 2660 quam
791 2582 1130 2645 homuncio.
1217 2600 1398 2661 quare
1443 2592 1830 2662 tengomenas
1871 2584 2166 2647 faciamus.
2239 2586 2352 2647 vita
2398 2583 2410 2669 Ι

140 2679 234 2730 HL
261 2666 465 2728 vinum
511 2676 617 2727 est.
677 2685 881 2727 verum
927 2668 1303 2748 Opimianum
1345 2676 1599 2747 praesto,
1683 2667 1810 2729 heri
1857 2688 1980 2730 non
2025 2680 2142 2730 tam
2187 2670 2414 2732 bonum

261 2750 457 2830 posui,
486 2759 548 2811 et
574 2751 761 2812 multo
792 2752 1163 2814 honestiores
1199 2751 1529 2813 cenabantss
1588 2754 1937 2832 potantibus
1978 2773 2118 2834 ergo
2151 2755 2325 2818 nobis
2354 2764 2415 2818 et

263 2835 700 2897 accuratissime
729 2835 981 2899 lautitias
1010 2837 1360 2899 mirantibus
1388 2838 1611 2898 laruam
1635 2848 1973 2917 argenteam
1995 2840 2189 2902 attulit
2211 2860 2414 2905 servus

155 2929 217 2981 30
258 2921 344 2982 sic
375 2929 652 3000 aptatam,
682 2929 750 2982 ut
780 2922 1010 2983 articuli
1042 2923 1169 2984 eius
1200 2922 1619 3002 vertebraeque
1649 2923 1880 2987 luxatae
1909 2926 1968 2985 in
2004 2944 2243 2986 omnem
2273 2946 2416 3007 par·

258 3015 383 3067 tem
427 3006 829 3067 flecterentur.
913 3007 1069 3068 hanc
1115 3026 1249 3068 cum
1307 3025 1489 3086 super
1543 3026 1806 3070 mensam
1852 3010 2033 3070 semel
2077 3011 2412 3092 iterumque

261 3089 600 3163 abiecisset,
645 3100 708 3152 et
749 3092 1040 3153 catenatio
1070 3092 1303 3154 mobilis
1332 3092 1556 3172 aliquot
1599 3094 1817 3171 figuras
1848 3096 2232 3175 exprimeret,
2279 3097 2413 3158 Tri-

261 3175 513 3252 malchio
544 3175 784 3237 adiecit:

476 3261 646 3321 ‘eheu
693 3279 803 3322 nos
832 3259 1098 3334 miseroS,
1132 3279 1305 3339 quam
1335 3269 1497 3323 totus
1527 3262 1850 3324 homuncio
1882 3263 1968 3323 nil
1998 3274 2104 3325 est.

157 3353 218 3404 35
474 3346 559 3406 sic
590 3345 810 3407 erimus
839 3346 1060 3417 cuncti,
1090 3355 1401 3425 postquam
1435 3366 1545 3408 nos
1575 3349 1801 3409 auferet
1832 3348 2039 3409 Orcus.

559 3447 702 3508 ergo
733 3431 1008 3504 vivamus,
1040 3431 1179 3491 dum
1208 3431 1347 3493 licet
1375 3450 1504 3494 esse
1533 3431 1726 3493 bene.'

433 3514 828 3577 laudationem
871 3515 1159 3577 ferculum
1206 3525 1296 3577 est
1325 3517 1660 3578 insecutum
1693 3516 1869 3597 plane
1902 3536 2023 3577 non
2055 3535 2164 3596 pro
2196 3519 2409 3597 expec-
2430 3518 2510 3582 35

261 3601 485 3661 tatione
514 3618 826 3679 magnum;
861 3600 1084 3662 novitas
1106 3611 1300 3662 tamen
1326 3602 1593 3662 omnium
1615 3602 1906 3663 convertit
1925 3601 2147 3664 oculos.
2200 3611 2411 3670 rotun-

436 3770 460 3819 1
500 3771 747 3833 concepta
781 3766 826 3817 L
864 3767 884 3833 ΙΙ
916 3770 950 3819 4
984 3767 1106 3818 mihi
1145 3783 1245 3818 om.
1269 3769 1324 3818 H
1347 3766 1366 3834 ΙΙ
1406 3769 1467 3819 13
1506 3768 1775 3833 obiurgare
1810 3768 1854 3819 L
1888 3769 1907 3837 ΙΙ
1947 3770 2011 3821 14
2046 3769 2410 3837 insecutusque

263 3834 307 3885 L
337 3834 346 3899 Ι
377 3835 817 3900 supellecticarius
844 3835 1021 3886 Dousa
1038 3836 1055 3901 ΙΙ
1082 3838 1140 3887 15
1167 3850 1365 3887 verrere
1383 3835 1400 3898 ΙΙ
1418 3836 1485 3887 20
1523 3836 1674 3887 iussit
1696 3835 1717 3903 υ
1739 3838 1799 3888 21
1839 3836 2106 3902 pudissimi
2144 3842 2243 3888 aut
2276 3837 2414 3903 iidis-

261 3902 498 3969 simifl26
536 3909 868 3967 tangomenas
899 3906 908 3969 Ι
938 3903 1114 3955 vinum
1151 3904 1257 3954 vita
1295 3902 1564 3971 Gnosiaci}
1602 3905 1666 3957 28
1704 3905 1853 3956 nohis
1885 3909 2008 3971 post
2029 3905 2410 3958 accuratissime

260 3970 689 4088 (curatissimelss
725 3975 824 4022 aut
856 3971 1030 4023 attulit
1065 3971 1380 4022 collocatum
1414 3974 1475 4021 in
1510 3972 1663 4023 libris
1695 3970 1714 4039 ΙΙ
1749 3975 1814 4025 32
1851 3979 1906 4024 ut
1925 3973 2146 4024 Iahnius·
2179 3974 2196 4040 ΙΙ
2232 3976 2294 4026 37
2333 3975 2414 4025 in-

260 4042 495 4090 secutum
531 4043 610 4090 est
