2881 4580
286 2694 405 2755 110

444 301 523 361 76
1355 300 1661 355 PETRoNu

440 486 617 550 cunt,
649 477 976 556 epulaeque
1008 475 1079 536 ad
1110 484 1406 536 certamen
1456 475 1718 554 prolatae
1763 475 2081 537 conciliant
2123 476 2411 537 hilaritate
2443 496 2593 538 con·
2618 483 2659 534 L

440 563 718 624 cordiam.
759 561 769 644 Ι
809 569 1057 623 exsonat
1086 579 1227 638 ergo
1259 559 1533 622 cantibus
1562 569 1750 621 totum
1785 560 2099 640 navigium,
2133 570 2192 622 et
2214 562 2349 641 quia
2373 579 2596 642 repen·
2617 572 2714 624 Lo

440 650 561 709 tina
592 647 989 727 tranquillitas
1011 646 1408 707 intermiserat
1431 664 1691 719 cursum,
1730 646 1878 708 alius
1915 646 2243 708 exultantes
2278 647 2602 726 quaerebat

440 733 669 795 fuscina
713 733 937 813 pisces,
987 731 1135 792 alius
1178 731 1367 792 hamis
1412 730 1852 793 blandientibus
1909 731 2279 793 convellebat
2322 734 2601 812 praedam

441 828 892 898 repugnantem.
967 835 1107 879 ecce
1152 817 1324 877 etiam
1370 835 1482 896 per
1526 825 1848 879 antennam
1892 817 2152 897 pelagiae
2206 819 2604 879 consederant
2632 826 2662 876 5

443 904 729 978 volucres,
774 922 922 983 quas
979 903 1151 964 textis
1196 900 1630 964 harundinibus
1672 902 1900 981 peritus
1944 903 2154 963 artifex
2198 903 2406 983 tetigit.
2466 904 2602 965 illae

444 989 674 1051 viscatis
695 989 945 1067 illigatae
957 987 1275 1048 viminibus
1296 985 1719 1048 deferebantur
1739 986 1811 1047 ad
1834 1006 2063 1048 manus.
2106 987 2349 1049 tollebat
2370 989 2604 1068 plumas

446 1093 587 1136 aura
620 1074 947 1145 volitanteS‚
978 1072 1313 1153 pinnasque
1344 1091 1452 1152 per
1482 1073 1663 1133 maria
1693 1073 1887 1134 inanis
1915 1091 2123 1152 spuma
2151 1073 2485 1153 torquebat.

614 1160 727 1220 iam
740 1159 951 1220 Lichas
973 1158 1166 1218 redire
1188 1176 1421 1220 mecum
1446 1159 1505 1219 in
1531 1158 1776 1237 gratiam
1798 1166 2089 1238 coeperat,
2115 1159 2228 1219 iam
2247 1159 2604 1240 Tryphaena

446 1245 661 1306 Gitona
689 1252 947 1306 extrema
978 1252 1146 1323 parte
1175 1243 1435 1322 potionis
1464 1242 1802 1322 spargebat,
1850 1261 1985 1305 cum
2017 1243 2344 1323 Eumolpus
2388 1254 2449 1307 et
2477 1246 2606 1324 ipse
2652 1252 2709 1303 to

445 1331 582 1392 vino
627 1330 855 1392 solutus
882 1329 1037 1389 dicta
1064 1328 1250 1389 voluit
1292 1329 1351 1389 in
1388 1329 1582 1390 calvos
1624 1329 2057 1408 stigmososque
2089 1329 2362 1404 iaculari,
2410 1330 2606 1392 donec

446 1425 799 1495 consumpta
841 1414 1216 1494 frigidissima
1249 1413 1584 1475 urbanitate
1615 1414 1789 1475 rediit
1833 1414 1902 1474 ad
1937 1415 2201 1475 carmina
2235 1433 2339 1477 sua
2372 1416 2603 1495 coepit-

448 1520 563 1580 que
593 1501 938 1582 capillorum
971 1499 1328 1579 elegidarion
1359 1499 1590 1561 dicere:

701 1586 881 1664 ‘quod
912 1584 1105 1646 solum
1133 1586 1357 1646 formae
1387 1586 1569 1646 decus
1600 1593 1707 1658 est,
1739 1583 2007 1645 cecidere
2037 1585 2250 1664 capilli,

786 1680 1221 1749 vernantesque
1251 1688 1451 1731 comas
1479 1670 1664 1732 tristis
1691 1669 1887 1748 abegit
1916 1669 2165 1750 hiemps.
2656 1684 2712 1733 15

705 1774 869 1817 nunc
900 1753 1107 1815 umbra
1141 1755 1355 1816 nudata
1401 1774 1506 1816 sua
1538 1756 1650 1816 iam
1679 1763 1949 1834 tempora
1983 1764 2269 1829 maerent,

789 1858 1043 1918 areaque
1074 1839 1287 1901 attritis
1317 1841 1467 1901 ridet
1499 1840 1693 1901 adulta
1723 1840 1874 1919 pilis.

705 1945 740 1987 o
773 1925 945 1986 fallax
977 1933 1184 1986 natura
1215 1925 1422 1987 deum:
1472 1944 1624 2004 quae
1654 1925 1844 2004 prima
1876 1925 2082 1986 dedisti

788 2011 963 2071 aetati
996 2020 1233 2072 nostrae
1262 2011 1492 2090 gaudia,
1523 2011 1713 2090 prima
1743 2011 1938 2088 rapis.'

884 2095 1125 2169 ‘infelix,
1156 2096 1332 2156 modo
1365 2095 1632 2158 crinibus
1665 2096 1892 2157 nitebas
2654 2108 2716 2157 20

889 2180 1130 2243 Phoebo
1161 2181 1468 2261 pulchrior
1498 2191 1558 2243 et
1586 2199 1793 2243 sorore
1825 2179 2065 2242 Phoebi.

886 2275 946 2329 at
976 2285 1140 2329 nunc
1171 2267 1356 2330 levior
1383 2286 1521 2329 aere
1550 2267 1641 2328 vel
1673 2266 1932 2329 rotundo

884 2354 1039 2414 horti
1069 2353 1298 2428 tubere,
1332 2353 1493 2432 quod
1522 2353 1741 2415 creavit
1765 2353 1943 2426 unda,

884 2439 1147 2501 ridentes
1177 2440 1332 2518 fugis
1361 2448 1420 2500 et
1449 2439 1622 2500 times
1646 2438 1890 2517 puellas.

885 2533 953 2584 ut
982 2534 1233 2585 mortem
1264 2525 1435 2586 citius
1464 2525 1668 2585 venire
1698 2522 1921 2596 credas,
2657 2534 2714 2584 π

889 2608 1036 2669 scito
1067 2609 1183 2669 iam
1214 2610 1421 2689 capitis
1451 2610 1676 2688 perisse
1706 2607 1974 2688 partem.'
2257 2651 2264 2656 -

621 2691 790 2771 plura
823 2692 1050 2753 volebat
1079 2694 1384 2772 proferre,
1416 2695 1628 2766 credo,
1662 2702 1721 2755 et
1750 2694 2044 2773 ineptiora
2076 2692 2439 2772 praeteritiS,
2472 2710 2609 2753 cum

453 2776 663 2837 ancilla
695 2776 1080 2856 Tryphaenae
1111 2778 1325 2839 Gitona
1356 2780 1418 2840 in
1465 2789 1696 2858 partem
1726 2779 1888 2840 navis
1932 2778 2279 2839 inferiorem
2311 2777 2474 2839 ducit
2504 2796 2610 2838 co-

452 2859 802 2940 rymbioque
833 2862 1104 2923 dominae
1135 2865 1306 2942 pueri
1337 2864 1585 2926 adornat
1614 2873 1808 2945 caput.
1868 2864 2051 2924 immo
2093 2863 2404 2943 supercilia
2435 2863 2610 2924 etiam

451 2946 683 3025 profert
709 2945 783 3006 de
812 2947 1024 3026 pyxide
1054 2949 1317 3027 sciteque
1362 2950 1620 3012 iacturae
1665 2951 2022 3011 lineamenta
2067 2958 2269 3010 secuta
2299 2957 2483 3010 totam
2527 2948 2609 3009 illi
2654 2959 2714 3009 30

453 3031 703 3092 formam
731 3050 899 3093 suam
930 3032 1199 3095 reddidit.
1260 3036 1497 3115 agnovit
1518 3036 1868 3116 Tryphaena
1902 3052 2103 3095 verum
2136 3034 2348 3095 Gitona
2370 3079 2387 3107 ,
2432 3034 2607 3095 lacri-

454 3116 683 3196 misque
714 3116 947 3179 turbata
978 3126 1121 3181 tunc
1149 3119 1409 3199 primum
1439 3120 1598 3182 bona
1629 3121 1742 3182 fide
1765 3138 1953 3199 puero
1976 3119 2204 3181 basium
2227 3119 2404 3181 dedit.
2445 3117 2457 3202 Ι
2496 3137 2607 3198 ego
2631 3125 2676 3176 L

454 3202 629 3263 etiam
651 3202 701 3263 si
722 3204 1049 3283 repositum
1070 3204 1135 3265 in
1161 3206 1480 3284 pristinum
1503 3207 1779 3266 decorem
1808 3223 2062 3286 puerum
2091 3204 2439 3283 gaudebam,
2471 3203 2608 3265 abs-

454 3287 780 3350 condebam
826 3298 1022 3350 tamen
1069 3290 1440 3369 frequentius
1484 3292 1706 3352 vultum
1764 3289 2298 3371 intellegebamque
2345 3308 2437 3351 me
2483 3308 2608 3350 non

453 3373 733 3435 tralaticia
765 3375 1135 3436 deformitate
1167 3394 1294 3437 esse
1323 3376 1705 3454 insignitum,
1752 3394 1928 3455 quem
1960 3375 2220 3455 alloquio
2252 3374 2499 3455 dignum
2532 3393 2608 3435 ne
2653 3391 2712 3441 35

454 3457 664 3520 Lichas
695 3459 933 3539 quidem
977 3459 1265 3522 crederet.
1325 3462 1425 3523 sed
1471 3462 1610 3523 huic
1641 3462 1907 3524 tristitiae
1938 3463 2141 3522 eadem
2184 3460 2281 3521 illa
2314 3460 2612 3521 succurrit

454 3543 685 3616 ancilla,
717 3554 1174 3625 sevocatumque
1218 3565 1313 3607 me
1360 3566 1482 3607 non
1529 3547 1728 3609 minus
1771 3549 1988 3608 decoro
2035 3546 2340 3607 exornavit
2370 3545 2609 3626 capilla-

453 3636 687 3773 bn‘emm
734 3629 912 3692 immo
945 3631 1414 3693 commendatior
1444 3633 1638 3694 vultus
1668 3632 1913 3705 enituit,
1960 3632 2097 3710 quia
2129 3632 2342 3692 ssavum
2373 3649 2609 3711 corym-

496 3731 597 3773 1on
627 3723 754 3774 erat

628 3935 653 3985 1
693 3932 949 3986 hilaritate
987 3935 1258 3987 concilium
1307 3935 1327 4003 ΙΙ
1377 3937 1406 3987 3
1447 3935 1663 3988 feriebat
1698 3938 1904 3987 conieci
1949 3933 1969 4001 ΙΙ
2019 3938 2052 3987 4
2087 3934 2432 4000 compellebat
2476 3951 2609 3987 non-

455 3999 595 4050 nulli
629 4016 699 4052 σω
739 4001 779 4051 0
805 4000 825 4069 Ι]
853 4003 912 4053 13
951 4002 1002 4054 in
1042 4003 1258 4068 capillos
1293 4018 1416 4056 suos
1440 4002 1529 4072 Lu
1561 4007 1624 4057 14
1661 4019 1911 4056 summum
1935 4003 2209 4068 florileg-ia
2236 4003 2256 4070 ΙΙ
2285 4006 2344 4058 17
2382 4002 2561 4056 adusta
2588 4002 2609 4067 Ι

458 4069 523 4121 23
560 4068 723 4121 imber
757 4070 979 4121 Iahnius
1006 4069 1026 4139 ΙΙ
1051 4074 1111 4124 37
1152 4075 1524 4139 evocatumque
1552 4071 1572 4139 ΙΙ
1596 4074 1659 4125 38
1697 4071 1907 4134 ssavum]
1947 4071 2225 4123 flaucorum
