2881 4580
435 284 465 341 1
478 286 514 341 0
524 281 560 345 2
1367 279 1673 335 PETRONII

1495 476 1527 512 dt

599 538 609 619 Ι
649 539 957 601 Oenothea
1005 557 1269 600 mensam
1315 547 1575 600 veterem
1623 540 1819 618 posuit
1850 539 1909 599 in
1943 539 2136 600 medio
2166 538 2364 610 altari,
2412 556 2589 616 quam
2628 547 2671 596 L

435 625 578 686 vivis
619 625 880 705 implevit
923 624 1286 686 carbonibus
1305 672 1320 699 ‚
1367 634 1425 684 et
1469 623 1769 686 camellam
1816 625 1989 685 etiam
2035 634 2322 686 vetustate
2354 633 2593 703 ruptam

434 711 567 791 pice
611 719 937 789 temperata
983 709 1209 771 refecit.
1269 719 1394 772 tum
1440 710 1704 783 clavum,
1752 709 1852 789 qui
1897 709 2306 775 detrahentem
2351 719 2593 772 sectatus

436 814 572 858 cum
618 796 860 857 camella
908 796 1105 875 lignea
1148 796 1373 868 fuerat,
1417 796 1652 857 fumoso
1701 795 1906 874 parieti
1950 795 2219 856 reddidit.
2260 793 2269 876 Ι
2309 813 2449 856 mox
2495 795 2591 855 in·
2607 802 2696 852 Lo

437 881 630 945 cincta
667 881 955 958 quadrato
987 879 1162 959 pallio
1195 898 1505 942 cucumam
1536 881 1839 959 ingentem
1871 881 2003 941 foco
2034 881 2339 960 apposuit,
2385 880 2592 942 simul-
2636 892 2666 940 5

437 985 555 1045 que
584 984 851 1045 pannum
883 966 957 1026 de
987 965 1257 1026 carnario
1289 965 1500 1026 detulit
1528 966 1713 1038 furca,
1751 966 1809 1026 in
1846 985 1964 1044 quo
1996 965 2126 1027 faba
2159 975 2286 1028 erat
2313 965 2384 1026 ad
2416 984 2591 1027 usum

436 1051 694 1130 reposita
733 1048 744 1132 Ι
784 1061 842 1111 et
872 1050 1163 1129 sincipitis
1193 1051 1584 1112 vetustissima
1616 1050 1900 1131 particula
1932 1051 2090 1112 mille
2120 1051 2308 1131 plagis
2339 1051 2550 1112 dolata.
2579 1047 2590 1132 Ι
2627 1058 2672 1108 L

436 1145 502 1196 ut
544 1135 715 1197 solvit
760 1154 902 1215 ergo
947 1135 1083 1199 licio
1127 1154 1428 1215 pannum,
1474 1145 1704 1216 partem
1743 1136 2060 1216 leguminis
2103 1155 2284 1216 super
2324 1143 2697 1198 mensamLO

437 1220 645 1282 effudit
685 1221 972 1299 iussitque
1004 1239 1097 1281 me
1129 1220 1446 1299 diligenter
1475 1238 1750 1300 purgare.
1810 1222 1999 1283 servio
2033 1242 2143 1302 ego
2175 1222 2424 1302 imperio
2454 1240 2593 1302 gra-

437 1324 633 1385 naque
679 1306 1095 1369 sordidissimis
1142 1307 1544 1385 putaminibus
1587 1306 1796 1368 vestita
1842 1307 2076 1369 curiosa
2110 1326 2291 1368 manu
2323 1324 2596 1387 segrege.
2643 1319 2700 1370 10

436 1401 495 1452 at
540 1391 636 1451 illa
682 1391 951 1453 inertiam
986 1409 1174 1451 meam
1206 1410 1492 1457 accusans
1521 1392 1790 1471 improba
1821 1392 2006 1466 tollit,
2052 1393 2449 1471 dentibusque
2478 1393 2593 1455 fo]-

435 1477 645 1539 liculos
684 1477 908 1556 pariter
939 1477 1150 1557 spoliat
1179 1486 1355 1555 atque
1385 1478 1445 1538 in
1481 1487 1699 1537 terram
1732 1477 1907 1537 veluti
1939 1496 2272 1540 muscarum
2305 1478 2594 1557 imagines

435 1562 668 1640 despuit

1495 1635 1525 1665 ‚p

607 1714 862 1774 mirabar
906 1713 1176 1792 equidem
1222 1714 1586 1794 paupertatis
1629 1715 1933 1795 ingenium
1980 1716 2465 1795 singularumque
2497 1735 2591 1779 re-

435 1818 569 1860 rum
600 1799 878 1878 quasdam
913 1809 1099 1860 artes:
2643 1816 2697 1866 15

650 1903 771 1944 non
807 1884 1018 1944 ludum
1051 1883 1316 1963 fulgebat
1344 1883 1513 1958 ebur,
1546 1885 1704 1963 quod
1736 1884 2066 1946 inhaeserat
2095 1903 2260 1959 auro,

649 1987 760 2029 nec
789 1968 905 2029 iam
936 1969 1155 2030 calcato
1188 1967 1454 2030 radiabat
1485 1988 1775 2031 marmore
1804 1979 1964 2032 terra

647 2054 998 2115 muneribus
1028 2054 1227 2116 delusa
1258 2054 1398 2128 suis,
1430 2055 1532 2115 sed
1564 2065 1722 2116 crate
1753 2056 1978 2136 saligna

646 2139 985 2218 impositum
1019 2139 1249 2201 Cereris
1278 2157 1495 2201 vacuae
1527 2159 1739 2202 nemus
1769 2151 1828 2201 et
1857 2159 2007 2201 nova
2036 2151 2227 2202 terrae

647 2225 883 2305 pocula,
916 2243 1066 2305 quae
1096 2225 1252 2286 facili
1283 2225 1411 2286 vilis
1440 2235 1570 2287 rota
1602 2228 1853 2287 finxerat
1881 2236 2034 2288 actu.
2639 2242 2695 2293 20

646 2310 788 2371 hinc
818 2311 981 2372 molli
1011 2311 1199 2373 stillae
1230 2311 1392 2373 lacus
1424 2321 1483 2372 et
1511 2312 1584 2373 de
1616 2312 1859 2373 caudice
1890 2313 2052 2374 lento

646 2396 934 2458 vimineae
964 2398 1166 2459 lances
1196 2396 1602 2476 maculataque
1634 2407 1781 2459 testa
1813 2397 2024 2477 Lyaeo.

648 2490 706 2541 at
735 2482 930 2561 paries
960 2482 1115 2543 circa
1145 2482 1310 2562 palea
1340 2483 1581 2544 satiatus
1613 2483 1775 2544 inani

645 2566 1015 2645 fortuitoque
1046 2567 1169 2628 luto
1203 2566 1397 2629 clavos
1429 2568 1782 2629 numerabat
1812 2577 2093 2647 agresteS‚

648 2661 708 2710 et
740 2650 907 2712 viridi
938 2652 1118 2712 iunco
1150 2652 1385 2731 gracilis
1413 2653 1713 2733 pendebat
1742 2653 2031 2717 harundo.
2639 2669 2693 2719 25

647 2746 951 2816 praeterea
984 2754 1132 2815 quae
1164 2738 1395 2799 fumoso
1427 2756 1719 2817 suspensa
1748 2738 1934 2818 tigillo

647 2820 1035 2882 conservabat
1066 2841 1208 2902 opes
1237 2823 1476 2884 humilis
1505 2842 1656 2898 casa,
1688 2823 1848 2885 mitia
1878 2823 2051 2885 sorba

647 2905 805 2965 inter
836 2906 1109 2968 odoratas
1140 2908 1484 2986 pendebant
1512 2917 1665 2969 texta
1694 2926 1949 2970 coronas

648 2999 706 3050 et
735 2990 1043 3070 thymbrae
1071 3001 1300 3054 veteres
1329 3003 1388 3054 et
1418 2994 1607 3073 passis
1638 3012 1746 3056 uva
1776 2994 2054 3055 racemis:

650 3075 837 3153 qualis
868 3076 928 3136 in
962 3078 1175 3142 Actaea
1210 3078 1509 3156 quondam
1542 3079 1656 3140 fuit
1685 3078 1916 3158 hospita
1947 3088 2122 3152 terra,
2639 3095 2696 3144 30

646 3160 825 3240 digna
855 3163 1038 3224 sacris
1067 3163 1331 3235 Hecales,
1365 3182 1540 3242 quam
1573 3164 1737 3226 Musa
1766 3164 2149 3243 loquentibus
2178 3162 2352 3224 annis

647 3245 967 3309 Baccineas
995 3256 1223 3309 veteres
1252 3249 1577 3309 mirandam
1609 3250 1845 3311 tradidit
1874 3269 2014 3310 aevo

1495 3357 1527 3391 *

267 3415 385 3480 136
604 3416 742 3476 dum
776 3416 870 3477 illa
902 3417 1098 3479 carnis
1130 3417 1303 3479 etiam
1335 3418 1641 3498 paululum
1672 3419 1891 3481 delibat

434 3508 491 3559 et
534 3500 674 3563 dum
720 3503 1040 3582 coaequale
1083 3502 1357 3564 natalium
1392 3522 1635 3565 suorum
1668 3505 1929 3584 sinciput
1958 3505 2019 3566 in
2052 3501 2387 3564 carnarium
2420 3502 2590 3564 furca

433 3585 702 3663 reponit,
749 3588 928 3648 fracta
976 3598 1063 3649 est
1106 3588 1296 3668 putris
1340 3589 1514 3662 sella,
1561 3607 1711 3668 quae
1742 3599 1997 3652 staturae
2028 3587 2395 3651 altitudinem
2427 3586 2589 3649 adie-
2633 3604 2693 3653 35

433 3716 542 3766 lum
577 3720 953 3785 interpositum
982 3726 1106 3787 post
1142 3721 1380 3787 adposuit
1425 3727 1553 3773 ante
1601 3722 1855 3788 simulque
1907 3724 2032 3786 102,
2072 3725 2101 3774 5
2136 3724 2194 3770 2⁹71
2234 3720 2275 3770 0
2310 3719 2328 3784 ΙΙ
2365 3720 2395 3770 2
2433 3720 2588 3771 etiam

427 3784 647 3836 delebat
681 3787 928 3853 Iahnius,
961 3788 1197 3848 fortasse
1231 3790 1602 3842 collocandum
1639 3796 1715 3841 est
1752 3796 1878 3840 ante
1910 3806 1968 3842 ru
2008 3794 2112 3841 tam
2158 3788 2178 3853 ΙΙ
2232 3790 2290 3841 11
2337 3792 2591 3853 eaepeetass

429 3853 542 3918 ipsa
581 3852 729 3905 fabas
768 3853 906 3906 tollit
933 3855 952 3923 ΙΙ
979 3860 1043 3909 14
1079 3857 1517 3924 singulariumque
1554 3860 1724 3910 Italus
1757 3860 1834 3908 ali
1869 3861 1955 3909 uis
1990 3859 2089 3926 120
2116 3857 2266 3908 bustu
2301 3855 2389 3905 vel
2421 3860 2536 3908 astu
2572 3855 2591 3922 ΙΙ

432 3922 493 3973 21
533 3925 588 3970 et
622 3923 687 3973 22
721 3928 856 3987 puto
885 3928 1012 3989 post
1046 3926 1112 3977 24
1149 3926 1485 3978 collocandos
1516 3927 1524 3992 Ι
1556 3928 1693 3979 stilla
1731 3928 1774 3977 L
1806 3929 1813 3991 Ι
1866 3932 1980 3978 atus
2018 3925 2038 3994 ΙΙ
2070 3928 2136 3978 ’23
2174 3930 2226 3976 et
2261 3924 2392 3974 libri
2418 3925 2590 3989 pleri-

431 3988 867 4110 ιζέιοὲαξῗίξὲαζυε
880 3991 1004 4111 ἐιιζὶδ
1016 4008 1164 4108 guas·
1179 3994 1362 4126 qtlmsq
1387 3997 1406 4058 u
1435 3997 1500 4112 {8
1518 4001 1642 4061 post
1667 3998 1732 4048 29
1753 3997 2011 4046 collocari
2032 3996 2175 4046 malo
2201 3992 2223 4059 11
2249 3995 2311 4045 31
2334 3990 2553 4045 Hecates
2574 3994 2595 4060 Ι

750 4075 775 4110 a
845 4075 878 4108 v
936 4075 979 4110 is
1067 4077 1212 4110 ame
1281 4077 1440 4112 miran
1483 4079 1512 4112 o
