2881 4580
1318 1242 1352 1279 fi

148 1344 244 1395 LO
429 1331 596 1390 ‘num
639 1328 754 1390 alio
787 1347 1007 1407 genere
1052 1329 1338 1391 furiarum
1370 1330 1794 1392 declamatores
1838 1331 2265 1410 inquietantur,
2310 1333 2413 1412 qui
2475 1339 2506 1401 1

257 1414 541 1474 clamant:
567 1414 754 1474 “haec
775 1414 1016 1475 vulnera
1039 1434 1149 1495 pro
1173 1414 1443 1476 libertate
1465 1414 1702 1495 publica
1724 1416 1959 1496 excepi;
1991 1418 2152 1478 hunc
2174 1418 2413 1479 oculum

254 1517 369 1579 pro
413 1497 579 1560 vobis
623 1499 918 1578 impendi:
963 1500 1095 1561 date
1139 1501 1281 1561 mihi
1327 1500 1557 1575 ducem,
1604 1501 1706 1580 qui
1736 1519 1831 1561 me
1861 1501 2037 1563 ducat
2078 1502 2149 1562 ad
2193 1501 2414 1565 liberos

254 1603 455 1660 meos,
508 1602 644 1644 nam
692 1584 907 1646 succisi
936 1586 1192 1665 poplites
1221 1584 1487 1646 membra
1521 1604 1643 1646 non
1676 1584 2053 1647 sustinent”?
2097 1587 2243 1647 haec
2286 1588 2411 1666 ipsa

179 1680 209 1730 5
256 1668 583 1731 tolerabilia
615 1677 832 1745 essent,
879 1670 930 1732 si
958 1670 1030 1731 ad
1062 1671 1461 1749 eloquentiam
1507 1671 1680 1732 ituris
1709 1671 1858 1732 viam
1903 1672 2186 1733 facerent.
2249 1690 2413 1733 nunc

259 1764 319 1815 et
348 1773 548 1815 rerum
583 1765 813 1816 tumore
845 1764 904 1815 et
931 1757 1358 1817 sententiarum
1389 1756 1706 1817 vanissimo
1737 1757 1986 1836 strepitu
2035 1758 2149 1818 hoc
2179 1766 2411 1819 tantum

256 1840 604 1919 proficiunt,
636 1849 702 1901 ut
731 1858 867 1901 cum
896 1841 957 1901 in
990 1842 1186 1902 forum
1216 1840 1508 1916 venerint,
1537 1849 1754 1921 putent
1795 1860 1858 1903 se
1901 1843 1962 1903 in
1995 1841 2171 1903 alium
2204 1841 2411 1903 orbem

258 1936 549 1986 terrarum
593 1925 836 1986 delatos,
897 1934 956 1986 et
996 1925 1128 1987 ideo
1161 1944 1269 2005 ego
1300 1926 1775 1988 adulescentulos
1804 1927 2072 1989 existimo
2102 1928 2162 1987 in
2195 1928 2414 1990 scholis

255 2011 632 2072 stultissimos
663 2011 822 2085 fieri,
868 2011 1001 2090 quia
1035 2011 1181 2072 nihil
1210 2030 1281 2072 ex
1322 2010 1445 2086 his,
1489 2029 1642 2090 quae
1684 2011 1747 2071 in
1793 2030 1905 2073 usu
1951 2011 2266 2086 habemus,
2312 2022 2414 2074 aut

151 2106 211 2157 10
252 2095 505 2157 audiunt
549 2105 649 2156 aut
690 2096 922 2170 vident,
981 2097 1085 2157 sed
1137 2096 1353 2176 piratas
1397 2115 1532 2157 cum
1579 2095 1803 2158 catenis
1846 2097 1908 2158 in
1953 2096 2126 2157 litore
2170 2107 2409 2172 stantes,

255 2181 359 2242 sed
391 2189 680 2260 tyrannos
710 2181 895 2242 edicta
927 2180 1256 2243 scribentes
1274 2228 1289 2255 ,
1337 2180 1554 2260 quibus
1595 2182 1891 2261 imperent
1917 2182 2053 2242 filiis
2084 2191 2150 2244 ut
2178 2192 2409 2260 patrum

255 2284 502 2329 suorum
535 2267 728 2346 capita
759 2266 1136 2345 praecidant,
1182 2267 1282 2328 sed
1316 2284 1602 2346 responsa
1633 2266 1692 2327 in
1728 2266 2118 2346 pestilentiam
2151 2267 2313 2341 data,
2345 2275 2410 2328 ut

253 2352 516 2432 virgines
545 2360 668 2413 tres
698 2360 801 2413 aut
829 2352 1030 2430 plures
1061 2352 1466 2425 immolentur,
1498 2352 1598 2413 sed
1631 2351 1885 2413 mellitos
1929 2350 2249 2412 verborum
2282 2351 2411 2430 glo-

252 2437 430 2499 bulos
461 2447 520 2498 et
563 2438 761 2497 omnia
805 2436 957 2498 dicta
1001 2439 1269 2515 factaque
1314 2437 1479 2516 quasi
1524 2453 1812 2516 papavere
1841 2444 1901 2497 et
1929 2454 2156 2497 sesamo
2186 2455 2408 2516 sparsa.

150 2533 205 2585 15
253 2524 357 2601 qui
401 2522 558 2583 inter
600 2523 745 2582 haec
799 2522 1175 2597 nutriuntur,
1229 2540 1351 2583 non
1407 2521 1592 2599 magis
1643 2540 1850 2600 sapere
1902 2531 2182 2601 possunt,
2237 2541 2412 2602 quam
2470 2524 2522 2586 2*

252 2608 411 2668 bene
459 2608 645 2680 olere,
693 2606 793 2685 qui
840 2607 901 2667 in
948 2608 1142 2669 culina
1186 2606 1471 2668 habitant.
1545 2625 1691 2686 pace
1728 2616 1919 2668 vestra
1961 2606 2133 2668 liceat
2177 2607 2410 2682 dixisse,

252 2693 433 2773 primi
465 2692 730 2753 omnium
763 2692 1160 2770 eloquentiam
1191 2692 1543 2772 perdidistis
1603 2690 1829 2753 levibus
1874 2691 2034 2752 enim
2076 2701 2251 2771 atque
2282 2692 2411 2752 ina-

253 2777 435 2840 nibus
479 2777 642 2839 sonis
699 2776 950 2838 ludibria
995 2778 1281 2858 quaedam
1337 2777 1646 2838 excitando
1704 2777 2009 2847 effecistiS,
2069 2785 2137 2838 ut
2193 2795 2412 2858 corpus

256 2864 544 2925 orationis
575 2871 958 2923 enervaretur
987 2874 1045 2924 et
1074 2864 1325 2924 caderet.
1400 2862 1669 2923 nondum
1699 2862 1941 2923 iuvenes
1970 2862 2409 2924 declamationi-

143 2961 208 3013 20
254 2949 370 3010 bus
421 2946 913 3022 continebantur,
968 2966 1101 3009 cum
1157 2947 1483 3027 Sophocles
1533 2955 1637 3007 aut
1687 2946 2000 3027 Euripides
2054 2948 2412 3009 invenerunt

255 3032 431 3095 verba
465 3033 680 3113 quibus
709 3031 997 3093 deberent
1026 3033 1208 3112 loqui.
1270 3033 1536 3093 nondum
1580 3031 1944 3093 umbraticus
1987 3031 2198 3094 doctor
2239 3033 2411 3111 inge-

257 3119 357 3180 nia
390 3119 699 3191 deleverat,
731 3136 867 3178 cum
898 3117 1187 3178 Pindarus
1218 3135 1549 3196 novemque
1592 3117 1759 3197 lyrici
1787 3116 2117 3179 Homericis
2145 3118 2412 3179 versibus

254 3222 475 3265 canere
503 3204 851 3264 timuerunt.
911 3211 971 3264 et
1000 3221 1077 3263 ne
1106 3212 1312 3283 poetas
1342 3203 1625 3282 [quidem]
1668 3200 1738 3261 ad
1781 3202 2183 3263 testimonium
2215 3202 2409 3274 citem,

249 3296 418 3350 certe
463 3307 657 3368 neque
701 3288 946 3349 Platona
1000 3306 1196 3367 neque
1236 3287 1673 3349 Demosthenen
1718 3287 1787 3347 ad
1819 3288 1933 3348 hoc
1964 3305 2154 3366 genus
2184 3287 2412 3347 exerci-

426 3455 704 3507 Adnotavi
737 3456 979 3507 codicum
1014 3455 1431 3520 discrepantiam
1465 3458 1763 3505 memoratu
1814 3453 2200 3518 dignissimam.
2280 3455 2414 3503 scri-

243 3528 434 3590 pturis
468 3540 603 3590 quae
638 3527 699 3574 in
734 3526 1026 3590 archetypo
1050 3521 1219 3585 fuisse
1238 3523 1515 3589 putandae
1535 3527 1666 3573 sunt
1687 3526 1786 3572 aut
1806 3523 1997 3587 quibus
2018 3536 2129 3572 non
2164 3523 2411 3572 novimus

250 3595 588 3658 vetustiores,
626 3592 789 3643 aliam
823 3596 1010 3643 notam
1043 3591 1249 3643 nullam
1284 3591 1527 3656 adposui.
1579 3593 1640 3641 in
1675 3593 1751 3640 eis
1774 3589 2067 3655 particulis
2103 3605 2237 3654 quas
2278 3588 2321 3640 L
2359 3593 2411 3640 et

255 3660 299 3711 0
337 3676 638 3711 communes
673 3661 890 3724 habent,
939 3675 1058 3711 cum
1093 3658 1339 3724 Scaliger
1388 3661 1653 3725 ceterique
1692 3673 1865 3723 gemus
1906 3657 2168 3709 librorum
2202 3662 2408 3707 uirum·

253 3744 361 3794 que
397 3728 760 3794 adhibuerint,
795 3743 951 3794 saepe
985 3730 1084 3778 vix
1119 3727 1346 3789 definias
1380 3729 1439 3778 in
1463 3726 1511 3776 L
1538 3726 1670 3792 quid
1692 3726 1954 3778 traditum
1978 3723 2149 3787 fuerit
2174 3728 2409 3790 antiqui-

250 3802 361 3850 tus.
432 3795 708 3848 inclinatis
746 3795 937 3847 litteris
972 3812 1107 3861 quae
1143 3795 1422 3860 leguntur,
1469 3794 1662 3845 desunt
1700 3798 1759 3845 in
1805 3794 2090 3845 codicibus.
2160 3796 2409 3844 asterisci

250 3867 483 3916 lacunas
517 3863 766 3915 indicant
799 3863 980 3929 aliqua
1021 3863 1279 3914 librorum
1315 3864 1644 3914 auctoritate
1680 3866 1912 3913 testata-5.

433 3934 493 3985 11
534 3929 644 3999 sed]
682 3937 734 3983 et
761 3931 780 3999 [Ι
810 3935 871 3984 15
908 3931 1034 3983 haec
1070 3936 1267 3982 tantum
1316 3930 1606 3982 nutriuntur
1652 3935 1903 3997 excerpta
1941 3931 2139 3981 codicis
2174 3931 2413 3981 Par-esini

250 4000 353 4051 lat.
404 3999 581 4065 764711
611 4003 670 4052 17
711 4014 912 4051 omnem
950 4000 1120 4051 codex
1153 4000 1446 4050 Ber-nensis
1469 3998 1489 4065 ΙΙ
1516 4000 1581 4051 20
1617 4003 1771 4066 atque
1808 3999 2055 4050 Heinsius
2080 3998 2100 4065 ΙΙ
2126 3999 2190 4049 22
2228 3996 2415 4050 debili·-

254 4075 462 4120 taverat
499 4066 774 4131 Haasiusfl
802 4069 866 4120 23
904 4067 1070 4120 solum
1099 4084 1205 4134 pro
1244 4066 1449 4135 quidem
1487 4065 1798 4133 sambucae,
1830 4071 2027 4119 tantum
2063 4066 2205 4117 alius
