2881 4580
1209 287 1490 343 SA'nRAE
2338 290 2416 350 41

199 471 388 522 Hrem
420 460 692 522 Terentii
725 462 1001 540 coponis:
1047 462 1341 523 noveratis
1370 461 1662 525 Melissam
1693 462 2100 538 Tarentinam,
2147 464 2423 545 pulcher-

263 547 486 607 rimum
530 546 938 608 bacciballum.
997 548 1101 609 sed
1141 565 1251 627 ego
1283 566 1405 608 non
1436 548 1806 610 mehercules
1849 550 2235 629 corporaliter
2261 549 2423 611 illam

265 640 365 693 aut
406 640 660 712 propter
702 649 800 694 res
838 632 1107 693 venerias
1150 633 1377 707 curavi,
1421 634 1524 694 sed
1569 634 1752 712 magis
1794 633 1956 712 quod
1999 634 2154 696 bene
2199 644 2421 696 morata

260 717 396 777 suit.
455 717 506 778 si
546 715 692 796 quid
731 716 805 777 ab
835 716 932 778 illa
959 718 1131 798 petii,
1178 736 1485 797 nunquam
1516 718 1659 780 mihi
1690 728 2001 797 negatum3
2044 720 2185 781 fecit
2213 737 2421 792 assem,

190 817 221 866 5
264 801 571 863 semissem
601 802 810 878 habui3
853 803 1120 884 quicquid
1142 802 1346 877 habui,
1390 803 1452 864 in
1484 804 1643 866 illius
1670 804 1868 865 sinum
1898 805 2270 879 demandavi,
2311 823 2424 866 nec

266 904 533 966 unquam
569 887 845 949 fefellitus
872 905 1024 950 sum.
1082 888 1259 950 huius
1287 889 1733 951 contubernalis
1760 890 1832 950 ad
1859 889 2050 950 villam
2080 908 2422 970 supremum

268 972 424 1033 diem
472 971 636 1033 obiit.
696 972 895 1052 itaque
937 990 1050 1053 per
1090 982 1323 1035 scutum
1367 991 1479 1054 per
1521 986 1753 1036 ocream
1786 992 1896 1055 ego
1925 975 2183 1055 aginavi,
2217 993 2421 1056 quem-

268 1056 587 1118 admodum
631 1056 705 1118 ad
747 1058 903 1118 illam
936 1059 1339 1138 pervenirem:
1382 1063 1541 1120 scitis
1568 1068 1797 1132 autem,
1845 1060 1905 1121 in
1937 1061 2226 1141 angustiis
2254 1059 2423 1121 amici

270 1151 579 1222 apparent.
639 1143 790 1204 forte
834 1143 1110 1205 dominus
1139 1143 1396 1224 Capuam
1444 1145 1665 1206 exierat
1705 1144 1779 1206 ad
1819 1154 2018 1207 scruta
2058 1147 2203 1207 scita
2245 1164 2423 1227 expe·
2442 1145 2523 1208 62

162 1236 221 1287 10
266 1227 502 1291 dienda.
590 1237 800 1290 nactus
842 1246 953 1307 ego
999 1228 1369 1291 occasionem
1425 1231 1753 1309 persuadeo
1797 1231 2088 1310 hospitem
2135 1241 2422 1305 nostrum,

268 1321 339 1373 ut
394 1330 627 1373 mecum
684 1314 757 1374 ad
815 1314 1089 1393 quintum
1142 1313 1456 1375 miliarium
1512 1315 1727 1376 veniat.
1816 1325 1943 1376 erat
1996 1325 2191 1378 autem
2238 1316 2425 1389 miles,

270 1398 441 1459 fortis
470 1406 753 1477 tanquam
783 1400 995 1461 Orcus.
1054 1399 1436 1479 apoculamus
1468 1410 1579 1462 nos
1608 1400 1766 1461 circa
1793 1400 2117 1480 gallicinia,
2164 1401 2302 1461 luna
2335 1402 2424 1461 lu-

272 1482 445 1543 cebat
485 1492 770 1562 tanquam
808 1484 1073 1546 meridie.
1130 1485 1401 1546 venimus
1429 1486 1586 1546 intra
1616 1485 2008 1546 monimenta:
2055 1487 2229 1546 homo
2260 1502 2428 1547 meus

272 1568 473 1648 coepit
500 1566 570 1628 ad
601 1569 775 1631 stelas
802 1570 1029 1642 facere,
1072 1570 1250 1631 sedeo
1282 1589 1392 1651 ego
1424 1570 1835 1633 cantabundus
1864 1580 1924 1632 et
1950 1571 2125 1632 stelas
2156 1588 2425 1632 numero.

165 1663 223 1714 15
268 1651 484 1714 deinde
528 1662 594 1714 ut
637 1656 868 1734 respexi
900 1656 969 1715 ad
1002 1654 1307 1729 comitem,
1352 1656 1450 1717 ille
1480 1656 1641 1717 exuit
1669 1674 1733 1718 se
1763 1665 1824 1716 et
1854 1655 2051 1717 omnia
2080 1656 2427 1718 vestimenta

269 1738 601 1800 secundum
642 1739 796 1800 viam
837 1739 1051 1819 posuit.
1112 1740 1254 1801 mihi
1299 1741 1493 1801 anima
1536 1741 1596 1802 in
1645 1759 1791 1803 naso
1836 1760 1992 1816 esse,
2037 1741 2260 1803 stabam
2295 1750 2426 1802 tan-

273 1841 450 1902 quam
497 1833 784 1886 mortuus.
871 1834 931 1886 at
972 1825 1070 1886 ille
1114 1826 1552 1888 circumminxit
1591 1827 1938 1888 vestimenta
1979 1845 2084 1889 sua
2128 1837 2189 1888 et
2230 1826 2427 1889 subito

271 1911 450 1989 lupus
495 1910 684 1971 factus
729 1919 835 1972 est.
896 1910 1081 1971 nolite
1124 1929 1219 1971 me
1262 1912 1444 1972 iocari
1488 1920 1728 1991 putare3
1772 1919 1840 1972 ut
1883 1912 2164 1987 mentiar,
2211 1913 2431 1974 nullius

270 1994 695 2075 patrimonium
724 1996 872 2056 tanti
902 1995 1072 2057 facio.
1132 1997 1265 2072 sed,
1311 1997 1470 2075 quod
1502 2015 1814 2078 coeperam
1842 1997 2070 2072 dicere,
2116 2006 2428 2078 postquam

167 2091 226 2142 m
271 2081 448 2159 lupus
492 2081 682 2141 factus
724 2090 843 2154 est,
888 2081 1117 2143 ululare
1161 2082 1358 2161 coepit
1400 2090 1462 2142 et
1496 2082 1557 2143 in
1590 2083 1761 2144 silvas
1789 2083 1956 2162 sugit.
2016 2101 2128 2162 ego
2158 2084 2432 2163 primitus

275 2165 609 2226 nesciebam
656 2165 758 2226 ubi
802 2184 1024 2239 essem,
1068 2165 1282 2227 deinde
1326 2168 1579 2238 accessi,
1625 2174 1691 2227 ut
1732 2167 2076 2229 vestimenta
2107 2168 2234 2229 eius
2262 2167 2431 2228 tolle-

275 2268 432 2316 rem:
476 2250 574 2311 illa
617 2261 813 2312 autem
858 2251 1085 2331 lapidea
1128 2252 1277 2313 facta
1322 2260 1480 2315 sunt.
1542 2251 1642 2332 qui
1687 2252 1839 2313 mori
1882 2251 2095 2314 timore
2131 2252 2246 2314 nisi
2276 2248 2430 2331 ego?

272 2336 533 2415 gladium
564 2344 763 2398 tamen
795 2337 1003 2399 strinxi
1034 2347 1094 2398 et
1123 2338 1183 2398 in
1219 2346 1338 2399 tota
1366 2338 1457 2398 via
1488 2336 1728 2398 umbras
1757 2336 1975 2417 cecidif,
2003 2337 2196 2398 donec
2224 2338 2296 2398 ad
2326 2336 2431 2397 vil-

276 2423 391 2482 lam
437 2422 659 2483 amicae
703 2440 866 2483 meae
907 2423 1297 2502 pervenirem.
1357 2431 1423 2483 ut
1465 2422 1629 2483 larua
1672 2422 1914 2494 intravi,
1957 2439 2150 2503 paene
2178 2422 2432 2483 animam

170 2519 228 2569 25
274 2507 547 2580 ebullivi,
578 2506 764 2569 sudor
789 2508 932 2569 mihi
963 2527 1071 2589 per
1099 2507 1397 2569 bifurcum
1426 2507 1685 2582 volabat,
1730 2507 1884 2568 oculi
1914 2508 2163 2581 mortui,
2194 2508 2289 2568 vix
2317 2523 2432 2568 un-

277 2609 455 2672 quam
502 2593 759 2655 refectus
801 2611 951 2654 sum.
1011 2592 1241 2655 Melissa
1271 2610 1400 2654 mea
1429 2593 1630 2654 mirari
1675 2591 1901 2672 coepit,
1947 2593 2254 2672 quod‘tam
2299 2610 2433 2654 sero

277 2677 675 2752 ambularem,
722 2686 780 2739 et
809 2678 901 2740 “si
930 2678 1107 2740 ante''
1135 2678 1330 2757 inquit
1360 2678 1693 2751 “venisses‚
1738 2677 1944 2740 saltem
1976 2677 2149 2739 nobis
2178 2677 2434 2739 adiutas-

277 2781 408 2838 ses3
455 2762 632 2842 lupus
677 2763 835 2824 enim
877 2763 1070 2824 villam
1114 2762 1352 2824 intravit
1395 2773 1456 2824 et
1499 2764 1696 2825 omnia
1740 2782 1956 2843 pecora
1994 2764 2269 2844 perculit,
2302 2770 2434 2823 tan-

278 2865 460 2927 quam
504 2847 698 2909 lanius
740 2849 1091 2929 sanguinem
1136 2847 1250 2909 illis
1293 2848 1469 2910 misit.
1531 2867 1643 2911 nec
1670 2857 1866 2909 tamen
1900 2848 2133 2923 derisit,
2178 2848 2350 2910 etiam
2385 2849 2434 2909 si

172 2942 233 2992 30
276 2933 462 3013 fugit3
507 2950 711 2994 servus
756 2934 916 2994 enim
963 2942 1169 2995 noster
1211 2933 1413 2995 lancea
1445 2934 1661 2994 collum
1694 2933 1821 2994 eius
1850 2934 2135 2995 traiecit”.
2194 2935 2340 2996 baec
2369 2943 2437 2994 ut

278 3017 504 3092 audivi,
536 3018 772 3098 operire
801 3018 1007 3080 oculos
1050 3019 1302 3101 amplius
1332 3037 1455 3079 non
1488 3020 1676 3099 potui,
1706 3018 1807 3080 sed
1840 3019 1972 3079 luce
2001 3020 2158 3080 clara
2190 3020 2294 3081 Gai
2326 3038 2434 3079 no·

277 3103 390 3164 stri
431 3103 674 3165 domum
707 3104 830 3183 fugi
859 3112 1139 3182 tanquam
1172 3122 1323 3183 copo
1354 3104 1735 3183 compilatus,
1781 3111 1840 3164 et
1869 3113 2179 3183 postquam
2208 3104 2343 3165 veni
2373 3103 2434 3163 in

279 3188 447 3249 illum
492 3189 719 3261 locum,
764 3189 825 3248 in
859 3207 977 3267 quo
1008 3189 1233 3269 lapidea
1263 3189 1605 3250 vestimenta
1636 3196 1806 3250 erant
1834 3189 1982 3250 facta
2001 3236 2016 3263 ,
2063 3189 2207 3250 nihil
2238 3188 2435 3249 inveni

282 3274 399 3335 nisi
456 3274 828 3353 sanguinem.
888 3282 957 3335 ut
997 3292 1138 3335 vero
1183 3275 1423 3335 domum
1468 3274 1632 3346 veni,
1689 3273 1912 3334 iacebat
1955 3274 2121 3335 miles
2162 3291 2330 3334 meus
2357 3273 2434 3332 in

177 3367 237 3417 35
278 3360 436 3420 lecto
481 3366 762 3438 tanquam
803 3359 999 3432 bovis,
1045 3368 1105 3420 et
1135 3359 1349 3420 collum
1380 3359 1538 3420 illius
1565 3359 1828 3420 medicus
1857 3358 2117 3419 curabat.
2179 3357 2437 3418 intellexi

281 3445 450 3507 illum
478 3444 843 3523 versipellem
875 3463 1035 3518 esse,
1068 3462 1180 3505 nec
1208 3452 1412 3525 postea
1443 3462 1577 3504 cum
1611 3444 1709 3505 illo
1739 3461 1954 3523 panem
1985 3453 2222 3522 gustare
2252 3443 2436 3522 potui,

284 3548 408 3592 non
455 3530 504 3591 si
550 3545 645 3590 me
700 3530 1032 3591 occidisses.
1092 3529 1344 3591 viderint
1398 3529 1493 3589 alii
1540 3529 1678 3608 quid
1724 3528 1796 3589 de
1839 3528 1957 3588 hoc
2000 3528 2437 3608 exopinissent3

282 3632 395 3694 ego
426 3615 476 3677 si
506 3613 794 3689 mentior,
826 3617 1034 3695 genios
1061 3622 1288 3676 vestros
1314 3615 1497 3676 iratos
1524 3613 1808 3676 habeam.'

460 3786 491 3837 2
527 3783 688 3846 illam]
725 3786 895 3835 autem
928 3784 948 3849 11
984 3783 1014 3833 3
1050 3781 1183 3834 bene
1219 3782 1405 3834 moriar
1437 3781 1459 3848 Ι
1495 3784 1528 3834 4
1563 3785 1704 3831 certe
1738 3781 1951 3847 quidem
1998 3787 2078 3833 est
2109 3783 2278 3847 pariit
2317 3787 2443 3848 post

285 3857 529 3920 negatum
563 3850 585 3920 fl
620 3852 653 3903 6
687 3849 873 3903 fefellit
906 3864 1055 3902 usum
1092 3849 1395 3914 Scheffeme
1430 3852 1451 3915 11
1487 3854 1515 3901 7
1555 3850 1636 3915 egi
1675 3849 1878 3916 aginavi
1904 3850 1979 3915 119
2016 3863 2178 3915 capue
2202 3850 2222 3917 11
2250 3853 2314 3903 14
2350 3850 2441 3901 sed

286 3935 383 3987 ego
427 3918 448 3990 11
498 3922 561 3973 16
599 3919 719 3971 mihi
756 3919 808 3969 in
844 3918 1015 3971 animo
1063 3917 1115 3970 in
1152 3933 1278 3971 naso
1320 3918 1341 3984 11
1384 3920 1451 3971 23
1487 3922 1541 3969 et
1574 3916 1815 3968 matavita
1853 3923 1941 3969 tau
1975 3920 2181 3969 umbras
2224 3916 2245 3984 11
2287 3919 2352 3970 24
2386 3918 2440 3968 in

287 3992 479 4042 laruam
527 3990 548 4055 11
586 3990 649 4039 25
686 3987 892 4039 colabat
924 3986 1201 4037 Hefnen’us
1236 3985 1261 4054 11
1307 3988 1368 4039 31
1409 3985 1521 4049 Gai]
1559 3985 1654 4037 hac
1696 3986 1716 4047 ΙΙ
1754 3988 1818 4040 37
1865 3985 2086 4038 viderint
2121 3985 2207 4053 qui
2245 3986 2342 4037 hoc
2376 3985 2440 4036 de

287 4058 409 4109 alibi
447 4055 802 4123 exopinissent
