2881 4580
1105 290 1513 347 FRAGMENTA
2260 296 2382 356 113

1241 419 1371 527 {cxl
1421 458 1426 462 ·

408 566 708 628 Diomedes
736 569 802 626 in
833 577 957 629 arte
986 564 1084 628 ΙΙΙ
1103 586 1159 648 p.
1191 565 1320 630 518
1350 567 1558 631 Keilii:
1603 578 1663 631 et
1692 570 1832 631 illud
1866 569 2005 631 hinc
2035 581 2125 634 est
2155 590 2385 634 comma

239 650 394 730 quod
427 651 664 713 Arbiter
693 651 832 712 fecit
861 651 973 712 tale

732 741 901 798 ‘anus
932 746 1163 798 recocta
1194 738 1332 799 vino

732 822 1126 884 trementibus
1154 823 1398 885 labellis’

1236 975 1395 1036 XXll

413 1074 652 1138 Servius
682 1078 745 1136 in
774 1087 957 1137 artem
986 1075 1207 1139 Donati
1226 1098 1287 1158 p.
1314 1073 1458 1148 432,
1490 1073 1578 1138 22
1596 1076 1812 1138 Keilii:
1843 1077 1983 1138 item
2009 1076 2270 1148 Quirites
2297 1077 2386 1138 di—

238 1161 318 1222 cit
359 1178 612 1221 numero
658 1168 886 1221 tantum
931 1161 1163 1240 plurali.
1239 1164 1336 1224 sed
1383 1162 1635 1241 legimus
1678 1162 1831 1242 apud
1878 1162 2182 1223 Horatium
2228 1164 2387 1224 hunc

239 1245 567 1319 Quiritem,
618 1254 681 1305 ut
724 1245 801 1306 sit
844 1246 1238 1308 nominativus
1283 1247 1379 1307 hic
1423 1246 1643 1318 Quiris.
1731 1247 1869 1307 item
1914 1247 2070 1309 idem
2113 1247 2389 1310 Horatius

155 1332 160 1339 '
244 1331 395 1410 ‘quis
424 1339 486 1391 te
518 1330 807 1402 Quiritem
823 1328 871 1391 ‘3’
916 1331 1083 1393 cuius
1126 1333 1523 1394 nominativus
1564 1331 1678 1394 erit
1705 1331 1803 1392 hic
1833 1331 2110 1407 Quirites,
2156 1342 2222 1393 ut
2251 1333 2391 1395 dicit

244 1416 561 1477 Petronius

416 1499 725 1581 Pompeius
754 1503 817 1560 in
847 1510 1159 1562 commento
1189 1505 1335 1563 artis
1359 1501 1585 1564 Donati
1603 1521 1664 1581 p.
1692 1496 1835 1572 167,
1865 1496 1908 1563 9
1928 1501 1990 1562 K
1995 1521 2013 1563 .·
2043 1520 2220 1563 nemo
2251 1502 2392 1563 dicit

243 1585 361 1647 ‘hic
394 1585 671 1657 Quirites'
702 1585 806 1647 sed
838 1584 915 1644 ‘hi
946 1585 1244 1660 Quirites',
1276 1586 1412 1647 licet
1442 1587 1757 1666 legerimus
1787 1587 1918 1647 hoc.
1978 1586 2155 1665 legite
2184 1587 2245 1648 in
2278 1588 2391 1648 Pe-

246 1671 465 1744 tronio,
510 1680 569 1731 et
598 1670 908 1732 invenietis
950 1671 1022 1731 de
1056 1672 1417 1733 nominativo
1462 1671 1747 1751 singulari
1776 1672 1892 1732 hoc
1921 1672 2161 1733 factum.
2226 1682 2285 1734 et
2313 1673 2393 1734 ait

251 1756 565 1817 Petronius
595 1756 712 1817 ‘hic
741 1755 1019 1827 Quirites’

418 1855 640 1917 Quirites
671 1871 773 1922 pro
810 1854 1022 1916 Quiritis
1058 1860 1407 1907 commentum
1436 1859 1919 1922 grammaticorum

1232 2010 1419 2072 XXIII

419 2114 831 2192 yrammaticus
862 2112 929 2173 de
958 2112 1144 2174 dubiis
1172 2113 1508 2174 nominibus
1527 2132 1589 2192 p.
1620 2107 1767 2184 578,
1798 2108 1883 2173 23
1912 2111 1999 2174 K:
2044 2113 2261 2174 fretum
2292 2129 2396 2194 ge-

255 2198 409 2262 neris
441 2196 639 2258 neutri
670 2205 728 2257 et
758 2195 1069 2276 pluraliter
1097 2199 1262 2272 freta,
1294 2206 1362 2258 ut
1391 2196 1707 2258 Petronius
1737 2198 1904 2258 ‘freta
1936 2197 2269 2258 Nereidum'

423 2297 493 2359 cf:
539 2296 666 2349 freta
704 2296 951 2349 Nereides
994 2301 1053 2349 in
1102 2300 1340 2350 carmine
1387 2298 1571 2349 adlato
1619 2313 1651 2347 a
1688 2297 1943 2348 Diomede
1991 2298 2079 2348 III
2108 2313 2165 2363 p.
2212 2299 2314 2350 517
2349 2304 2403 2350 et

255 2368 538 2419 Victorino
572 2366 659 2417 III
690 2365 720 2416 7
753 2382 805 2430 p.
845 2366 945 2418 114

1190 2468 1407 2530 XXIIII
1420 2465 1454 2503 *

422 2572 815 2653 Hieronymus
858 2577 921 2633 in
968 2571 1210 2653 epistula
1252 2572 1329 2633 ad
1368 2570 1785 2631 Demetriadem
1836 2566 2041 2630 CXXX
2070 2564 2154 2631 19
2181 2590 2242 2650 p.
2274 2565 2401 2633 995

265 2657 566 2720 Vallarsii:
599 2658 1035 2720 cincinnatulos
1065 2675 1285 2738 pueros
1316 2665 1375 2717 et
1406 2654 1830 2717 calamistratos
1861 2663 1920 2715 et
1948 2655 2249 2735 peregrini
2272 2674 2401 2716 mu·

265 2744 342 2805 ris
373 2743 604 2805 olentes
634 2744 958 2823 pelliculas,
990 2742 1063 2804 de
1094 2741 1308 2821 quibus
1340 2740 1483 2802 illud
1514 2739 1733 2800 Arbitri
1765 2750 1855 2801 est

710 2833 853 2889 ‘non
888 2829 1041 2889 bene
1074 2828 1193 2888 olet
1224 2827 1324 2906 qui
1355 2826 1511 2887 bene
1541 2843 1779 2905 semper
1809 2825 1968 2901 olet'‚

253 2915 426 2993 quasi
459 2914 739 2993 quasdam
769 2923 965 2994 pestes
995 2922 1055 2974 et
1083 2931 1309 2973 venena
1341 2911 1658 2991 pudicitiae
1690 2910 1849 2990 virgo
1884 2911 2099 2973 devitet

288 3080 326 3141 f
430 3014 566 3133 trit2⁷ii
583 3030 689 3133 p²÷o
710 3012 904 3135 {tssrbitri
929 3028 1023 3065 ms.
1052 3012 1409 3064 Cisterciense.
1474 3009 1746 3061 Martialis
1767 3010 1858 3061 ille
1881 3025 2063 3061 versus
2087 3014 2165 3060 est
2188 3011 2246 3061 II
2266 3009 2349 3077 12,
2374 3010 2406 3061 4

254 3098 289 3132 c
317 3122 330 3135 .
357 3098 471 3148 cap.
550 3098 602 3148 p.
669 3122 682 3145 ‚

1237 3180 1390 3241 XXV
1407 3178 1438 3222 ‘¹‘

432 3286 771 3367 Fulyentius
812 3284 1226 3365 mytholoyicon
1254 3282 1322 3344 ΙΙ
1345 3277 1388 3344 9
1422 3302 1485 3362 p.
1517 3277 1604 3344 80
1646 3282 1711 3343 de
1741 3279 2102 3342 Prometheo:
2147 3279 2409 3359 quamvis

264 3374 581 3453 Nicagoras
614 3418 628 3433 .
664 3417 679 3433 .
712 3417 727 3433 .
759 3371 1018 3451 primum
1062 3368 1227 3429 illum
1272 3368 1557 3429 formasse
1601 3367 1822 3428 idolum
1867 3366 2100 3439 reserat,
2147 3374 2206 3426 et
2251 3365 2406 3443 quod

262 3460 478 3520 vulturi
520 3459 684 3520 iecur
727 3455 1025 3537 praebeat,
1065 3453 1267 3515 livoris
1312 3454 1479 3531 quasi
1521 3453 1727 3533 pingat
1754 3450 2089 3529 imaginem.
2162 3450 2410 3511 undeet

269 3544 584 3606 Petronius
612 3541 849 3604 Arbiter
878 3541 959 3602 ait

756 3626 879 3706 ‘qui
907 3626 1105 3687 vultur
1134 3623 1300 3685 iecur
1330 3622 1606 3684 intimum
1634 3628 1902 3700 pererrat

758 3720 818 3774 et
845 3722 1056 3792 pectus
1085 3709 1264 3788 trahit
1291 3707 1653 3786 intimasque
1682 3705 1877 3778 fibras,

759 3816 882 3858 non
916 3805 1006 3859 est
1035 3813 1213 3875 quem
1241 3792 1420 3871 lepidi
1450 3799 1666 3852 vocant
1693 3799 1919 3870 poetae,

760 3883 865 3944 sed
898 3882 1091 3943 cordis
1118 3878 1292 3950 mala,
1323 3878 1472 3939 livor
1501 3886 1675 3957 atque
1705 3875 1895 3937 luxus'

403 3997 562 4033 versu
599 3985 625 4033 1
665 3981 748 4034 cui
783 3981 913 4032 libri
942 3983 950 4042 Ι
982 3980 1216 4032 ultimum
1251 3976 1465 4028 Medius
1491 3976 1509 4044 ΙΙ
1536 3980 1565 4029 2
1615 3974 1783 4044 querit
1817 3977 1997 4043 pectus
2042 3975 2170 4025 libri
2196 3976 2418 4038 praeter

270 4050 506 4102 codicem
540 4049 785 4100 Danielis
809 4050 829 4117 ΙΙ
855 4052 885 4102 3
922 4048 1084 4117 tepidi
1120 4047 1248 4098 libri
1272 4044 1292 4113 ΙΙ
1318 4048 1352 4098 4
1385 4045 1518 4098 mala
1557 4061 1658 4097 om.
1698 4043 1824 4094 libri

376 4132 578 4177 Petronii
606 4133 770 4177 satirae
803 4132 875 4176 ed.
904 4131 964 4175 111
1980 4128 2008 4179 8
