2881 4580
1112 293 1489 348 MEMPPEAE
2248 292 2365 354 171

982 459 1066 517 DE
1104 464 1348 517 OFFIClO
1386 463 1614 518 MARITI

421 572 616 634 vitium
663 570 865 634 uxoris
910 549 1012 630 a'ut
1054 570 1382 631 tollendum
1427 578 1528 631 aut
1571 568 1882 631 serendum
1915 580 2027 631 est:
2077 571 2177 649 qui
2221 571 2373 632 tollit

216 657 447 732 vitium,
477 675 718 719 uxorem
754 655 1214 718 commodiorem
1248 664 1541 734 praestat;
1586 654 1687 734 qui
1735 657 1868 728 sert,
1901 674 2030 717 sese
2066 656 2371 718 meliorem
2417 681 2422 686 ·
2474 719 2479 723 ,

215 743 355 805 facit

1109 855 1190 907 DE
1230 854 1484 908 SALVTE

2416 578 2473 630 83

425 962 603 1024 Varro
646 967 708 1023 in
750 971 951 1023 satura
981 979 1122 1042 quae
1163 959 1438 1022 scribitur
1482 959 1546 1020 de
1573 959 1757 1022 salute
1785 963 1874 1022 ait
1901 960 2184 1023 mundum
2214 961 2370 1023 haud
2411 969 2470 1020 84

215 1059 421 1110 natum
453 1067 566 1109 esse
594 1066 771 1128 neque
791 1050 948 1107 mori

1067 1194 1516 1248 DESVLTORIVS

975 1296 1281 1366 περὶτοῦ
1314 1294 1610 1368 γράφειν

1222 1402 1243 1462 1
1278 1404 1364 1481 (2)

675 1489 823 1549 alius
853 1488 1075 1549 domini
1107 1483 1343 1550 delicias
1372 1487 1657 1567 phaselon
1692 1493 1886 1549 actum

675 1574 1028 1635 tonsillitore
1061 1574 1336 1634 mobilem
1370 1575 1587 1636 flictam

670 1658 842 1720 solvit

1200 1777 1252 1837 11
1282 1775 1378 1856 (1)

671 1881 898 1941 fervere
928 1879 1132 1958 piratis
1161 1882 1490 1958 vastarique
1525 1880 1722 1940 omnia
1754 1879 1975 1941 circum

1162 2046 1416 2098 DEVICTI

993 2150 1152 2217 περὶ
1190 2144 1593 2217 φιλονικίας

1225 2251 1250 2312 1
1282 2253 1367 2330 (4)

605 2401 610 2407 ’
667 2427 892 2495 vivere,
924 2426 1172 2501 puerae,
1205 2441 1352 2502 quas
1382 2423 1524 2484 sinit
1554 2423 1804 2484 aetatula
1835 2343 2260 2497 ffirggfgl'azesse'
2294 2441 2363 2484 a·-

820 2512 981 2568 mare
1013 2517 1072 2569 et
1100 2512 1334 2568 veneris
1364 2517 1572 2570 tenere
1604 2509 1768 2588 bigas

422 2712 554 2791 quis
586 2711 906 2771 rutundam
937 2713 1133 2774 facere
1166 2627 1385 2774 egl-{1131
1421 2711 1723 2792 nequeat?

1188 2831 1268 2892 111
1303 2834 1392 2912 (2)

2407 2348 2465 2400 87

2404 2724 2462 2775 88

421 2913 578 2976 dicat
605 2915 847 2995 pugilis:
882 2902 1265 2996 ‘spectatores
1296 2918 1396 2997 qui
1426 2917 1706 2979 miserum
1737 2917 1956 2997 putatis
1977 2917 2152 2989 vinci,
2178 2933 2358 2997 quae·
2401 2928 2461 2979 89

213 3017 279 3061 ro
304 3018 334 3060 a
352 2999 535 3073 vobis,
560 3001 608 3061 si
631 3001 998 3063 adversarius
1021 3003 1331 3082 supercilia
1356 3003 1499 3063 mihi
1524 3003 1732 3065 caestis
1748 3001 2162 3076 descobinarit‚
2182 3020 2355 3063 num-

212 3086 341 3164 quis
370 3096 631 3147 vestrum
661 3105 765 3148 sua
796 3087 939 3148 mihi
970 3096 1061 3148 est
1089 3088 1333 3149 daturus
1346 3086 1394 3148 ?'
1457 3110 1462 3115 ·

379 3255 443 3307 83
473 3252 717 3304 Gelliusl
745 3257 823 3317 17,
861 3256 893 3306 4
916 3252 1077 3305 Varro
1113 3253 1164 3305 in
1200 3259 1367 3306 satura
1394 3253 1666 3323 Menippea
1706 3270 1858 3322 quam
1896 3254 1960 3307 de
1985 3252 2160 3305 officio
2187 3252 2353 3305 mariti

210 3321 428 3388 scripsit,
461 3321 690 3382 fortasse
724 3324 783 3371 in
819 3307 974 3390 εὗρεν
1007 3314 1041 3387 ἦ
1079 3318 1247 3376 λοπάς

380 3391 447 3442 84
480 3390 862 3456 Philargyrius
897 3390 1058 3454 Verg.
1089 3405 1279 3455 georg.
1314 3389 1354 3441 ll
1391 3393 1492 3444 336

381 3460 445 3511 85
483 3457 694 3509 Nonius
722 3475 777 3523 p.
817 3461 916 3512 534
951 3457 1142 3510 faselus
1184 3458 1192 3521 Ι
1233 3457 1394 3512 faselo
1431 3462 1637 3510 nactum
1676 3458 1757 3508 vel
1790 3462 1993 3509 natum:
2030 3460 2206 3522 aptum
2242 3462 2356 3509 ton-

210 3527 324 3579 silla
364 3526 678 3578 Get-lachim
717 3527 724 3594 Ι
768 3527 977 3579 ssicitem
1027 3527 1196 3579 codem
1232 3531 1486 3593 optimus:
1546 3542 1573 3578 a
1612 3526 1762 3578 litore
1793 3524 1982 3577 mobile
2017 3525 2069 3575 in
2106 3525 2355 3577 fluentum

208 3594 490 3662 Roeparus.
557 3611 743 3645 versus
792 3592 1027 3656 formam
1079 3611 1178 3660 ego
1224 3597 1383 3647 talem
1417 3595 1584 3657 fuisse
1610 3595 1874 3661 putabam
1907 3592 2156 3660 phaselon
2173 3594 2353 3651 <altum

210 3663 416 3716 tonsilla
454 3663 635 3714 humili
685 3664 738 3713 in
774 3663 923 3715 litore
959 3663 1199 3715 mobilem
1236 3662 1450 3728 ligatum
1477 3662 1588 3729 1186
1624 3663 1692 3714 Ν.
1724 3678 1778 3727 p.
1816 3665 1913 3715 503
1951 3660 2104 3714 fervit

380 3734 442 3785 87
480 3730 550 3782 N.
569 3747 626 3797 p.
653 3733 751 3783 156
776 3746 987 3798 puerae:
1016 3731 1272 3797 periodos
1303 3735 1476 3782 statui
1494 3734 1796 3782 ionicorum
1820 3732 2207 3782 continentium
2234 3746 2356 3783 eon·

207 3801 333 3851 latis
366 3799 655 3864 Laevianis
689 3816 822 3866 quas
859 3800 1133 3851 Charisius
1164 3802 1399 3850 servavit
1429 3815 1482 3865 p.
1521 3801 1636 3852 288.
1706 3799 1953 3851 sotadeos
1975 3798 2356 3850 Lachmannus

206 3867 411 3929 fecerat
463 3883 691 3934 quorum
744 3868 883 3919 alter
929 3870 1282 3935 compleretur
1334 3867 1519 3919 addito
1563 3873 1687 3933 post
1720 3867 1941 3919 aetatula
1977 3868 2208 3934 spondeo
2246 3868 2356 3919 tro-

208 3938 450 3988 chaeove.
519 3951 630 3987 una
664 3935 759 3998 fiet
782 3938 1043 4002 periodus
1076 3937 1125 3986 si
1159 3936 1438 3986 admiseris
1472 3935 1845 4003 properateque
1885 3939 1894 4002 Ι
1935 3950 2034 4003 qua
2071 3936 2193 3988 sinit
2224 3950 2356 4002 pars

209 4003 470 4055 librorum
517 4004 536 4070 ΙΙ
586 4006 650 4057 88
686 4003 755 4056 Ν.
786 4020 844 4071 p.
882 4007 946 4058 82
983 4008 1195 4057 cetram:
1245 4006 1520 4056 trochaico
1554 4007 1857 4072 septenario
1883 4003 2162 4070 Roeperus
2196 4006 2353 4055 attri-

210 4072 365 4140 buitll
393 4074 458 4127 89
492 4071 561 4125 N.
594 4089 649 4139 p.
683 4074 785 4125 492
820 4073 975 4125 cestis
1004 4074 1013 4139 Ι
1042 4071 1274 4133 fortasse
1307 4073 1450 4140 pugil
