2881 4580
1064 291 1471 347 FRAGMENTA
2229 298 2260 355 1
2272 298 2301 355 1
2315 297 2347 354 7

1387 465 1417 499 21:

426 548 620 611 militis
651 549 711 609 in
744 548 910 629 galea
940 464 1373 612 nidumxfgizxtli
1402 550 1738 614 columbae:

507 643 766 715 apparet,
799 633 967 695 Marti
999 653 1175 713 quam
1206 637 1279 697 sit
1309 638 1496 697 amica
1528 637 1728 698 Venus

1127 769 1390 833 XXXVII
1402 770 1435 805 *

426 870 672 933 Iudaeus
699 872 836 933 licet
865 883 924 933 et
954 873 1265 953 porcinum
1300 892 1521 935 numen
1557 875 1761 936 adoret

507 965 566 1017 et
595 957 740 1018 caeli
770 975 1027 1019 summas
1058 959 1301 1019 advocet
1330 960 1642 1034 auriculas,

426 1041 484 1101 ni
516 1050 710 1104 tamen
745 1052 804 1103 et
832 1044 991 1104 ferro
1022 1043 1342 1105 succiderit
1371 1045 1633 1124 inguinis
1665 1062 1830 1106 oram

507 1136 565 1188 et
595 1128 709 1188 nisi
742 1129 1024 1190 nodatum
1055 1129 1296 1191 solverit
1325 1138 1450 1190 arte
1482 1140 1675 1208 caput,

323 1219 347 1268 5
425 1222 727 1292 exemptus
755 1213 978 1292 populo
1010 1213 1183 1274 Graia
1214 1214 1491 1292 migrabit
1519 1215 1590 1275 ab
1624 1215 1772 1276 urbe

508 1308 567 1358 et
596 1317 720 1358 non
755 1298 951 1359 ieiuna
982 1299 1220 1360 sabbata
1254 1300 1383 1379 lege
1416 1308 1646 1379 premet

425 1469 541 1511 una
572 1459 662 1512 est
694 1449 969 1512 nobilitas
1000 1460 1537 1531 argumentumque
1568 1451 1783 1513 coloris

506 1536 773 1616 ingenui,
805 1536 1034 1598 timidas
1066 1555 1190 1598 non
1221 1537 1497 1599 habuisse
1527 1555 1740 1598 manus

388 1635 415 1685 3
452 1650 584 1687 aram
614 1636 692 1702 {14
726 1639 779 1688 et
813 1636 911 1688 sibi
949 1639 1154 1687 conieci

1114 1773 1402 1835 XXXVIII
1418 1773 1451 1805 ‘³‘

429 1874 580 1937 lecto
613 1874 977 1953 compositus
1014 1876 1105 1935 vix
1136 1876 1324 1954 prima
1357 1875 1590 1937 silentia
1622 1877 1814 1938 noctis

513 1959 826 2039 carpebam
859 1968 918 2019 et
947 1979 1159 2021 somno
1187 1961 1412 2022 lumina
1444 1961 1590 2022 victa
1623 1962 1849 2035 dabam,

428 2064 561 2107 cum
595 2063 688 2106 me
719 2062 926 2105 saevus
957 2048 1137 2106 Amor
1167 2064 1451 2125 prensum
1481 2046 1833 2126 vulsumque
1864 2046 2086 2126 capillis

514 2130 729 2192 excitat
759 2140 818 2190 et
847 2129 1107 2192 lacerum
1136 2131 1482 2211 pervigilare
1512 2131 1693 2192 iubet.

321 2224 347 2274 5
429 2220 514 2276 ‘tu
545 2215 799 2276 famulus
827 2215 1013 2276 meus'
1044 2216 1240 2296 inquit
1266 2221 1449 2278 ‘ames
1478 2235 1612 2277 cum
1646 2216 1802 2277 mille
1832 2216 2076 2297 puellaS,

517 2302 696 2375 solus,
728 2302 804 2373 io,
836 2301 1016 2376 soluS‚
1047 2303 1215 2376 dure,
1246 2302 1439 2363 iacere
1472 2301 1702 2381 potes‘I'

432 2387 635 2449 exsilio
668 2394 727 2446 et
755 2386 1004 2465 pedibus
1036 2386 1210 2449 nudis
1236 2387 1560 2465 tunicaque
1589 2387 1779 2448 soluta

518 2490 694 2532 omne
726 2472 837 2532 iter
867 2472 1144 2551 impedio,
1178 2472 1406 2533 nullum
1440 2473 1554 2532 iter
1583 2472 1848 2552 expedio.

434 2575 597 2619 nunc
626 2575 906 2637 propero,
939 2576 1103 2618 nunc
1134 2558 1221 2617 ire
1251 2557 1429 2637 piget,
1463 2576 1821 2636 rursumque
1853 2555 2046 2617 redire

291 2650 343 2702 10
512 2642 790 2722 paenitet,
824 2651 883 2703 et
913 2643 1105 2721 pudor
1137 2651 1224 2704 est
1252 2652 1405 2705 stare
1438 2643 1529 2704 via
1557 2643 1767 2704 media.

433 2746 570 2789 ecce
604 2736 801 2789 tacent
830 2746 1004 2789 voces
1033 2728 1344 2789 hominum
1375 2729 1778 2808 strepitusque
1807 2727 2030 2788 viarum

519 2822 577 2874 et
605 2812 911 2873 volucrum
943 2822 1152 2874 cantus
1183 2814 1475 2892 turbaque
1505 2814 1621 2875 fida
1652 2832 1894 2876 canum:

433 2899 593 2960 solus
624 2915 734 2977 ego
767 2917 838 2958 ex
869 2898 1101 2959 cunctis
1131 2916 1314 2978 paveo
1345 2918 1743 2979 somnumque
1788 2909 2102 2977 torumque

520 2992 579 3045 et
608 3001 829 3062 sequor
860 2983 1191 3062 imperium,
1223 3003 1438 3065 magne
1470 2984 1715 3066 Cupido,
1747 2993 1917 3046 tuum

236 3149 270 3200 S
297 3152 327 3201 ἠ
393 3085 432 3202 {⁵1
469 3096 771 3148 sursumque
794 3082 814 3149 ΙΙ
844 3085 874 3135 8
910 3082 1165 3149 ingredior
1199 3084 1406 3135 Riesius
1429 3084 1450 3151 u
1477 3086 1541 3136 13
1595 3099 1743 3138 careo
1798 3097 2082 3151 somnoque
2143 3085 2363 3148 toroque

272 3166 296 3201 c
328 3168 391 3203 ra
431 3167 554 3203 erus

1109 3253 1426 3315 XXXVIIII
1443 3254 1473 3287 ⁷³*

438 3356 514 3417 sit
544 3375 661 3417 nox
693 3355 788 3417 illa
820 3355 919 3415 diu
954 3355 1127 3416 nobis
1155 3355 1387 3430 dilecta,
1424 3357 1655 3433 Nealce,

524 3459 674 3520 quae
704 3450 761 3502 te
792 3441 982 3520 prima
1012 3459 1146 3502 meo
1180 3450 1422 3520 pectore
1453 3442 1812 3522 composuit:

439 3526 514 3588 sit
544 3535 712 3588 torus
742 3536 799 3587 et
831 3526 967 3587 lecti
997 3526 1210 3606 genius
1240 3535 1588 3605 secretaque
1616 3528 1812 3605 longa,

526 3612 658 3690 quis
686 3621 891 3673 tenera
923 3611 986 3671 in
1023 3620 1293 3673 nostrum
1324 3613 1558 3673 veneris
1588 3611 1915 3673 arbitrium.

326 3708 354 3757 5
441 3715 581 3777 ergo
612 3714 719 3776 age
747 3697 1044 3770 duremus,
1077 3697 1339 3776 quamvis
1369 3697 1690 3758 adoleverit
1720 3703 1894 3769 aetaS‚

527 3791 882 3860 utamurque
913 3782 1083 3844 annis
1115 3801 1265 3861 quos
1296 3799 1464 3841 mora
1491 3800 1666 3861 parva
1697 3792 1865 3843 teret.

444 3869 529 3928 fas
552 3876 611 3928 et
639 3867 768 3928 iura
798 3867 1007 3929 sinunt
1036 3876 1262 3928 veteres
1292 3868 1613 3928 extendere
1642 3883 1900 3941 amores;

527 3954 617 4014 fac
647 3953 765 4012 cito
798 3953 957 4031 quod
988 3960 1264 4032 coeptum
1295 3960 1401 4023 est,
1435 3971 1559 4013 non
1594 3953 1710 4014 cito
1742 3952 2013 4014 desinere

403 4054 432 4103 6
467 4056 609 4104 tenet
