2881 4580
431 287 551 346 132

427 474 529 511 non
565 463 645 511 est
680 458 859 511 miscix
894 463 959 513 45

429 542 616 595 pernae
634 527 928 579 missionem
954 526 1185 580 dedimus
1204 530 1267 580 67
1289 526 1361 589 cf:
1381 530 1444 582 41

428 595 597 647 ‘modo
616 595 691 647 sic
702 595 854 647 modo
870 595 954 648 sic’
967 595 1133 663 inquit
1145 597 1365 649 rusticus
1380 599 1446 649 45

429 678 662 716 nummos
696 664 867 716 modio
903 664 1108 715 metitur
1144 667 1206 717 37

428 730 534 784 noli
571 731 832 784 meliorem
869 732 1144 784 molestare
1173 734 1236 785 58
1271 731 1346 795 s'r.
1382 732 1450 786 XI

428 814 792 853 monocnemos
828 798 1024 868 Apellis
1061 801 1126 853 83

431 867 516 934 qui
540 868 667 921 mori
691 868 872 920 timore
891 868 988 919 nisi
1012 869 1146 934 ego?
1182 869 1247 920 62
1285 876 1448 936 aeque

501 937 665 988 lassus
712 951 772 988 ac
824 936 1044 987 moriens
1081 940 1109 988 7
1171 936 1449 988 morientes

498 1004 729 1056 occidere
759 1006 824 1058 98
861 1004 1099 1056 miserere
1124 1004 1447 1056 morientium

430 1138 650 1191 alienum
688 1143 944 1190 mortuum
978 1139 1176 1205 plorare
1213 1142 1280 1192 54

431 1221 526 1259 nec
561 1223 645 1259 mu
683 1221 777 1258 nec
811 1221 890 1258 ma
927 1211 1131 1273 argutas
1167 1210 1230 1259 57

431 1274 658 1340 mufrius,
695 1275 1077 1341 nonmagister
1111 1277 1176 1328 58

431 1358 532 1394 ιιοιι
568 1343 757 1395 licebat
790 1342 1082 1396 multaciam
1128 1342 1450 1396 considerare

502 1413 566 1465 29
601 1414 699 1463 vix
724 1427 915 1462 sanum

430 1479 672 1531 mundum
707 1479 870 1545 frigus
904 1480 1176 1532 habuimus
1210 1482 1266 1531 41

430 1562 543 1599 mus
562 1547 613 1598 in
638 1546 843 1599 matella
872 1548 937 1599 58
973 1546 1058 1599 udi
1083 1553 1322 1615 tanquam
1342 1562 1451 1599 mu-

499 1629 579 1666 res
616 1618 684 1668 44

432 1750 554 1802 mihi
590 1750 755 1802 anima
789 1750 843 1800 in
880 1764 1005 1801 naso
1042 1765 1157 1803 esse
1191 1752 1257 1803 62

435 1833 497 1870 en
536 1819 688 1871 homo
714 1816 1141 1886 quemadmodum
1176 1822 1318 1870 natat
1357 1821 1453 1871 116

501 1886 666 1954 pisces
701 1890 874 1937 natare
910 1890 1113 1952 oportet
1148 1888 1214 1940 39

432 1943 484 2006 te
519 1957 695 2005 natum
729 1968 832 2005 non
866 1956 991 2019 puto
1030 1956 1093 2007 58

432 2035 614 2141 mahgrgi
633 2023 799 2142 ιιιειιῖιὲἰει
832 2036 1067 2088 magnam
1103 2021 1453 2108 fortitudinem

536 2105 561 2141 a
603 2104 631 2141 e

431 2161 677 2224 negatio.-
711 2156 901 2210 suadeo
937 2171 1040 2209 non
1068 2157 1278 2225 patiaris
1303 2160 1370 2210 74
1388 2160 1453 2210 75

504 2226 776 2294 duplicata
798 2227 898 2277 hoc
920 2225 1076 2278 modo
1100 2225 1290 2279 nemini
1327 2225 1454 2278 nihil

501 2296 626 2347 satis
662 2299 741 2347 est
777 2297 843 2348 76
878 2297 945 2348 42
980 2296 1045 2347 58

433 2364 672 2431 nesapius
707 2366 771 2416 50

434 2438 711 2484 nocturnae
750 2432 815 2484 63
883 2433 1160 2483 nocturnus
1187 2433 1249 2484 57
1289 2429 1360 2492 cf:
1392 2433 1454 2483 15

504 2504 777 2552 nocturnus
812 2502 1069 2565 grassator
1105 2500 1170 2551 82

434 2570 651 2618 nomina
686 2571 882 2618 rustice
916 2568 1148 2628 inflexa:
1184 2566 1455 2619 intestinas

505 2636 569 2686 76
593 2649 764 2701 rapam
787 2636 852 2687 66
878 2633 1109 2686 schemas
1126 2637 1195 2687 44
1219 2635 1454 2714 stigmam

503 2705 569 2755 45
593 2704 658 2755 69
694 2702 883 2768 strigae
910 2704 974 2755 63
1036 2702 1248 2754 saciatur
1282 2708 1335 2755 et
1371 2703 1457 2755 tri-

504 2770 657 2822 clinia
683 2773 745 2823 71
817 2769 1030 2822 balneus
1054 2772 1119 2824 41
1192 2770 1364 2822 caelus
1389 2772 1456 2823 39

503 2840 567 2889 45
638 2837 970 2889 candelabrus
996 2840 1060 2889 75
1130 2835 1268 2890 fat'us
1302 2840 1368 2891 42
1389 2841 1450 2890 71

506 2909 568 2957 77
606 2899 864 2957 fericulus
869 2907 934 2958 39
957 2904 1098 2957 lorus
1123 2908 1185 2957 57
1211 2919 1368 2957 vasus
1389 2909 1454 2960 57

505 2972 654 3024 vinus
680 2976 743 3025 41
808 2973 1040 3039 concepti
1067 2975 1131 3026 33
1201 2973 1364 3026 lasani
1387 2977 1454 3027 47

503 3040 779 3093 strabonus
814 3043 878 3094 68
949 3055 1157 3092 cornum
1184 3044 1249 3095 39
1319 3043 1466 3108 quod

497 3113 674 3174 potest
729 3111 891 3160 etiam
942 3109 1296 3161 masculinum
1339 3127 1463 3176 esso,

506 3177 804 3230 thesaurum
830 3179 895 3230 46
930 3191 1111 3230 vasum
1138 3180 1199 3231 51
1226 3177 1356 3230 libra
1379 3194 1464 3231 ιιι-

501 3244 696 3297 bricata
736 3247 816 3298 46
840 3237 1012 3297 nervia
1050 3249 1115 3299 45
1185 3246 1463 3314 quisquilia

506 3317 569 3367 75
638 3313 927 3366 statuncula
964 3316 1029 3366 50
1098 3313 1234 3365 lovis
1283 3317 1347 3367 47
1394 3317 1459 3368 58

503 3381 652 3433 bovis
702 3384 767 3435 62
837 3381 1021 3434 lactem
1070 3385 1130 3435 71
1206 3381 1340 3434 lacte
1394 3383 1461 3436 38

541 3450 731 3502 orticus
772 3447 902 3501 duos
941 3453 1004 3502 77
1073 3464 1258 3502 munus
1294 3452 1464 3503 excel-

525 3522 641 3569 ente
694 3521 759 3571 45
796 3520 862 3570 66
930 3532 1159 3583 sanguen
1196 3520 1261 3571 59
1330 3519 1462 3586 stips

504 3588 667 3650 stipes
692 3586 758 3637 43
788 3601 892 3652 per
915 3585 1322 3638 declinationem
1357 3602 1461 3639 non

506 3652 643 3718 gusti
676 3651 775 3705 fuit
808 3654 874 3705 76
909 3659 972 3704 ut
1003 3669 1112 3720 non
1148 3656 1303 3721 tanti,

505 3734 739 3784 perorum
779 3723 846 3773 46
900 3735 928 3771 a
966 3721 1134 3774 diibus
1172 3725 1240 3775 44
1288 3669 1466 3775 Pffie:

506 3801 687 3838 ronam
726 3790 793 3840 46
850 3787 1151 3842 Niceronem
1189 3792 1254 3843 63
1311 3789 1391 3857 Ap
1394 3790 1467 3843 el-

506 3854 660 3906 letem
706 3857 773 3907 64
843 3872 873 3908 o
909 3858 978 3907 mi
1011 3856 1243 3925 hospites
1287 3859 1384 3911 116

441 3926 669 3974 notorem
718 3922 837 3974 dare
874 3925 939 3976 92

438 4002 627 4054 operae
664 4005 877 4068 quorum
916 3996 994 4043 est
1029 4006 1140 4043 mea
1179 3990 1338 4044 Roma
1373 4008 1466 4045 no-

510 4072 656 4109 verca
697 4059 794 4111 122

1407 289 1604 344 INDEX

1549 476 1717 528 nugax
1754 463 1818 514 52

1551 530 1775 581 οιιιιιὶιιιιι
1812 544 2076 582 numerum
2114 531 2177 583 63
2216 532 2281 584 68

1548 597 1704 650 habet
1738 612 2058 650 nummorum
2098 613 2333 652 nummos
2369 601 2435 651 37

1549 729 1699 783 mulsi
1736 731 2010 799 pultarium
2048 724 2237 798 obduxi
2272 736 2339 788 42

1549 798 1733 851 librum
1789 799 1852 851 ab
1903 800 2055 853 oculo
2076 801 2217 873 legit
2254 806 2317 855 75
2389 802 2584 868 dignus

1618 882 1770 933 quem
1793 867 1845 918 in
1871 868 2035 921 oculis
2061 866 2217 925 feram
2244 876 2309 925 75
2380 872 2584 937 opertis

1618 935 1782 987 oculis
1816 935 1948 988 bona
1969 951 2059 988 sua
2079 945 2380 1021 computant
2399 943 2469 992 44
2505 938 2583 1001 cf.

1624 1006 1713 1055 141
1755 1004 1891 1055 oculi
1941 1006 2127 1056 mortui
2165 1007 2256 1059 62
2300 1007 2385 1059 vix
2423 1008 2584 1090 oculo

1617 1076 1819 1123 mortuo
1854 1086 2075 1139 unquam
2101 1076 2166 1127 68
2236 1128 2239 1131 Α

1551 1139 1787 1204 oclopeta
1806 1142 1871 1192 35
1897 1141 1961 1190 ab
1983 1141 2152 1192 oculis
2170 1146 2221 1192 ot
2230 1143 2462 1208 petendo
2481 1158 2587 1194 no·

1616 1210 1823 1258 minata
1858 1224 1943 1258 ree
1978 1210 2246 1261 esculenta

1552 1275 1820 1326 oracularii
1856 1276 1991 1328 servi
2027 1279 2091 1330 43
2280 1292 2281 1295 ’

1551 1343 1783 1395 osculum
1813 1359 2046 1410 parvum
2080 1362 2138 1398 os
2176 1347 2273 1397 126

1549 1411 1791 1463 ossucula
1827 1413 1892 1465 65

1551 1478 1760 1530 ovillam
1796 1483 1876 1532 est
1913 1482 1978 1532 56

1553 1546 1858 1615 oxycomina
1894 1548 1967 1600 66

1550 1680 1707 1733 habet
1742 1681 1870 1734 haec
1903 1698 1986 1735 res
2010 1698 2193 1751 panem
2217 1686 2283 1737 46
2320 1684 2589 1737 noluisses

1619 1747 1684 1802 de
1708 1764 1862 1802 manu
1885 1750 2025 1804 illius
2049 1766 2233 1818 panem
2259 1754 2492 1820 accipere
2516 1756 2586 1806 37

1621 1816 1754 1869 dabo
1790 1833 1977 1885 panem
2013 1821 2078 1873 69

1552 1900 1751 1953 pannos
1784 1900 1927 1939 meos
1961 1887 2161 1940 comedi
2187 1890 2254 1941 44
2322 1889 2589 1956 pannucia

1554 2021 1641 2089 qui
1678 2025 1923 2089 utrosque
1959 2023 2182 2089 parietes
2215 2023 2382 2076 linunt
2420 2026 2486 2077 39

1553 2089 1869 2157 paronychia
1895 2090 2079 2143 tollere
2103 2093 2168 2145 31
2476 2138 2477 2141 ¹

1555 2157 1742 2209 malam
1776 2172 1972 2224 parram
2010 2159 2192 2226 pilavit
2226 2160 2289 2211 43

1556 2228 1798 2293 quattuor
1819 2230 1991 2290 partes
2015 2226 2138 2279 dicit
2160 2229 2225 2280 46
2262 2227 2441 2280 decem
2464 2243 2591 2296 par-

1622 2298 1702 2345 tes
1738 2293 1863 2345 dicit
1887 2298 1953 2348 75
2021 2300 2194 2362 partes
2230 2302 2437 2349 centum
2461 2298 2588 2350 dico

1624 2363 1688 2414 58
1723 2364 1785 2412 in
1810 2363 2156 2425 conficiendis
2179 2367 2488 2417 rationibus
2513 2370 2589 2417 ti-

1620 2445 1778 2481 rones
1813 2435 1864 2480 ct
1897 2433 2139 2483 cruditus

1555 2498 1848 2565 pataracina
1891 2514 2103 2565 poscere
2160 2503 2226 2554 41
2261 2504 2325 2551 ut
2353 2503 2591 2568 scyphos

1624 2569 1934 2632 capaciores

1557 2638 1657 2700 p'ax
1692 2632 1992 2753 lzl'alamedes
2017 2637 2082 2689 66
2117 2639 2190 2687 sit
2230 2640 2386 2687 vania
2421 2639 2590 2689 verbo

1653 2718 1714 2753 oe

1558 2767 1609 2820 di
1623 2700 1806 2837 spedes
1831 2769 2030 2824 lanatos
2054 2771 2244 2823 habent
2267 2774 2336 2825 44
2404 2773 2590 2825 multis

1625 2837 1843 2903 pedibus
1879 2843 1961 2890 sto
1997 2841 2062 2892 30
2098 2843 2310 2902 (contra
2336 2839 2469 2892 male
2493 2856 2592 2893 va-

1627 2905 1823 2958 cillavit
1877 2908 1941 2959 38
1993 2912 2047 2958 et
2093 2905 2249 2959 fidem
2299 2908 2432 2960 male
2476 2924 2590 2960 am-

1632 2973 1893 3026 bulantem
1933 2975 2016 3039 12)
2043 2974 2221 3043 longe
2257 2978 2436 3042 venio,
2476 2976 2590 3030 late

1632 3042 1796 3094 venio'
1822 3044 1888 3095 58

1563 3108 1616 3160 in
1653 3109 1754 3160 alio
1789 3109 2060 3177 peduclum
2093 3110 2257 3176 vides,
2291 3112 2344 3163 in
2381 3117 2432 3164 te
2467 3112 2592 3165 rici-

1633 3192 1755 3229 num
1790 3193 1890 3230 non
1926 3177 2072 3231 vides
2109 3182 2170 3233 57

1565 3244 1798 3311 pelagiae
1816 3245 2054 3299 volucres
2082 3249 2179 3300 109
2249 3247 2473 3314 phaleris
2492 3264 2592 3315 pe-

1629 3313 1728 3365 la
1733 3314 1778 3365 is
1811 3318 1870 3365 in
1906 3314 2039 3382 Syri
2069 3331 2225 3366 versu
2261 3319 2326 3369 55

1564 3386 1691 3448 pent
1726 3382 1867 3435 iscus
1891 3385 1955 3434 47
1995 3400 2028 3433 a
2062 3384 2291 3435 Pentheo
2317 3384 2595 3451 discen-pto

1550 3464 1778 3517 puerum
1813 3465 1937 3502 sane
1971 3451 2320 3518 p'erbasiamus
2356 3455 2419 3506 41

1562 3517 1965 3584 percolopabant
2001 3521 2068 3571 44
2103 3536 2136 3570 a
2173 3520 2411 3586 colaphis

1562 3599 1667 3637 non
1702 3585 2045 3651 perfunctorie
2081 3589 2347 3640 verberare
2387 3591 2446 3640 11

1561 3653 1826 3719 peristasis
1861 3653 2242 3708 declamationis
2278 3658 2343 3709 48

1565 3721 1850 3788 persuadeo
1882 3721 2139 3789 hospitem
2174 3725 2238 3776 62
2272 3726 2339 3777 46
2397 3728 2458 3775 in
2492 3741 2600 3777 ur-

1633 3791 1769 3841 bano
1805 3805 2047 3851 sermone
2070 3806 2098 3843 a
2123 3798 2282 3844 matre
2307 3807 2600 3858 persuasus

1633 3863 1729 3910 est
1749 3859 1810 3911 81

1566 3925 1609 3977 si
1653 3924 1717 3976 ad
1765 3926 2037 3979 trecenties
2079 3925 2160 3978 HS
2195 3926 2369 3979 salvus
2404 3942 2606 3994 perve-

1635 3993 1767 4045 nerit
1792 3995 1856 4047 88
1893 3994 2019 4046 satis
2042 3995 2192 4047 vivus
2216 4010 2502 4061 pervenero
2526 4002 2602 4056 77

1567 4061 1787 4128 pessime
1823 4062 1945 4115 mihi
1982 4069 2120 4115 erat
2111 4078 2188 4115 ne
2224 4067 2290 4117 54
