2881 4580
1100 287 1476 342 MENIPPEAE
2250 280 2371 340 189

440 570 579 631 ager
621 550 1135 630 derelinqueretur
1160 461 1514 627 {bugelfflet
1556 544 1779 626 ‘squale
1809 543 2132 623 scabreque
2164 540 2380 603 inluvie
2415 549 2512 610 ,251

221 647 286 700 et
316 635 686 699 vastitudine’
2155 658 2160 662 ·

447 806 603 887 quod
619 807 759 868 dum
783 717 1530 877 administmnxtzliltilsggbe
1551 798 1830 861 fodiendo
1854 797 2165 860 inveniunt
2183 814 2382 858 arcam
2412 768 2512 856 ’255

444 1020 568 1072 tum
601 1009 671 1071 ad
703 1028 798 1070 me
830 1009 1048 1082 ferunt,
1082 921 1633 1086 quodxliff’guionem
1664 1022 1791 1065 esse
1821 1001 2090 1064 sciebant
2427 1009 2515 1059 256

1213 1124 1291 1185 XI
1316 1126 1404 1204 (2)

447 1214 772 1276 Automedo
819 1230 1016 1283 meus,
1058 1211 1218 1291 quod
1249 1210 1402 1289 apud
1435 1209 1690 1270 Plotium
1722 1208 2024 1269 rhetorem
2054 1202 2383 1267 bubulcita-
2428 1214 2516 1263 257

229 1310 342 1376 rat,
374 1299 500 1362 erili
533 1299 722 1361 dolori
755 1317 876 1360 non
908 1297 1094 1359 defuit

1198 1379 1305 1441 XII
1334 1381 1421 1457 (1)

451 1468 661 1530 funere
692 1468 962 1530 familiari
984 1477 1280 1530 commoto
1308 1465 1458 1526 avito
1485 1480 1552 1525 ac
1576 1463 1790 1544 patrito
1815 1479 1980 1523 more
2003 1460 2390 1541 precabamur
2432 1467 2519 1519 258

1163 1584 1296 1646 xm
1328 1584 1457 1662 (11)

449 1690 680 1752 Manius
710 1708 883 1750 mane
914 1689 1174 1764 suscitat,
1207 1697 1465 1749 rostrum
1496 1704 1668 1752 suum
1714 1689 1777 1746 in
1820 1692 2011 1745 rostra
2043 1682 2246 1755 adfert,
2276 1700 2387 1762 po·
2436 1690 2522 1741 259

235 1775 441 1857 pulum
474 1777 534 1837 in
569 1777 763 1836 forum
797 1774 1076 1835 conducit

1149 1857 1310 1920 XIIII
1344 1859 1474 1938 (14)

450 1946 676 2007 habens
705 1944 1095 2025 antepositam
1127 1943 1485 2016 alimoniam,
1530 1942 1744 2004 sedens
1788 1939 1939 2000 altus
1970 1938 2161 2000 alieno
2192 1954 2396 2017 sump-
2440 1947 2526 1998 260

240 2041 322 2107 tu,
357 2050 552 2112 neque
581 2040 715 2112 post
743 2029 1068 2112 respiciens
1110 2046 1306 2108 neque
1348 2039 1485 2090 ante
1516 2025 1915 2107 prospiciens,
1960 2025 2059 2086 sed
2094 2024 2268 2085 limus
2298 2023 2390 2084 in-

244 2126 330 2179 tra
362 2117 578 2179 limites
608 2115 840 2178 culinae

1186 2197 1284 2259 XV
1315 2199 1443 2274 (17)

454 2313 572 2366 tam
605 2322 772 2376 eum,
829 2303 899 2364 ad
935 2321 1110 2383 quem
1140 2301 1388 2363 veniunt
1427 2301 1489 2361 in
1521 2299 1875 2381 hospitium,
1928 2299 2016 2360 lac
2070 2298 2396 2360 humanum
2440 2305 2524 2355 261

241 2390 472 2451 fellasse

1044 2536 1047 2537 γ
1174 2470 1303 2532 XVI
1334 2472 1466 2548 (20)

452 2560 602 2621 lecto
634 2567 820 2620 strato
854 2557 1147 2619 matellam
1167 2602 1182 2631 ,
1215 2557 1524 2618 lucernam
1545 2602 1559 2630 ,
1611 2565 1833 2618 ceteras
1863 2573 1960 2616 res
1991 2556 2116 2616 esui
2147 2555 2400 2634 usuique
2444 2564 2529 2614 262

243 2663 382 2726 prae
412 2663 476 2707 se
506 2653 749 2725 portant

664 2762 672 2770 ·
1160 2726 1315 2789 XVII
1348 2728 1479 2804 (19)

276 2917 289 2929 .
454 2832 600 2928 baec
630 2830 1047 2892 adventoribus
1078 2828 1381 2892 accidunt:
1439 2829 1621 2891 cellae
1668 2828 1857 2892 claves
1908 2829 2160 2891 claustra
2189 2844 2399 2887 carna·
2443 2836 2528 2886 268

242 2935 327 2978 ria
358 2917 514 2979 dolia
1169 2998 1351 3061 XVIII
1383 3001 1470 3078 (7)

457 3102 550 3162 lex
582 3120 775 3180 neque
807 3101 1115 3162 innocenti
1145 3111 1391 3182 propter
1432 3102 1790 3164 simultatem
1829 3100 2250 3180 obstringillat,
2296 3120 2403 3162 ne·
2445 3108 2532 3159 264

246 3206 362 3267 que
395 3186 636 3249 nocenti
667 3194 916 3267 propter
945 3186 1254 3247 amicitiam
1287 3188 1544 3267 ignoscit

1150 3303 1361 3365 xvnn
1393 3307 1480 3383 (8)

463 3407 741 3486 quocirca
774 3414 1012 3486 oportet
1043 3406 1265 3467 bonum
1292 3409 1476 3469 civem
1501 3408 1731 3487 legibus
1759 3425 1990 3489 parere,
2014 3406 2157 3468 deos
2186 3406 2401 3481 colere,
2446 3416 2533 3468 265

247 3495 309 3554 in
342 3492 615 3574 patellam
647 3492 785 3555 dare
817 3488 1055 3575 μικρὸν
1083 3495 1278 3576 κρέας

421 3661 524 3712 254
557 3658 625 3710 Ν.
644 3675 699 3725 p.
722 3661 822 3712 226
858 3659 1082 3727 squalor,
1114 3676 1166 3726 p.
1195 3664 1289 3713 168
1337 3660 1534 3725 scabre,
1566 3676 1621 3725 p.
1646 3662 1742 3713 125
1778 3659 1999 3725 illuvieS,
2028 3675 2085 3726 p.
2110 3662 2206 3713 185
2241 3660 2400 3711 vasti·

249 3727 377 3781 tudo
403 3726 424 3794 ΙΙ
451 3729 548 3780 255
585 3726 654 3780 N.
687 3744 740 3794 p.
767 3729 866 3781 225
903 3728 1114 3780 scrobes
1149 3728 1283 3796 1256
1320 3727 1387 3780 Ν.
1417 3744 1475 3794 p.
1506 3730 1600 3780 133
1639 3727 1955 3780 libellionem
1986 3728 1995 3795 Ι
2028 3728 2230 3780 fuerunt
2256 3727 2277 3796 ΙΙ
2301 3730 2398 3780 257

248 3795 315 3850 Ν.
349 3813 404 3863 p.
445 3799 508 3849 79
543 3795 864 3848 bubulcitare
898 3795 918 3865 ΙΙ
955 3798 1052 3850 258
1143 3832 1156 3848 .
1185 3812 1244 3863 p.
1285 3800 1376 3850 161
1417 3798 1668 3863 patritam·
1692 3796 1713 3865 ΙΙ
1750 3799 1850 3850 259
1885 3796 1953 3849 Ν.
1987 3814 2039 3864 p.
2077 3799 2178 3849 274
2213 3796 2402 3848 condu-

249 3880 367 3917 cere
396 3864 407 3931 Ι
437 3878 587 3916 mane
623 3877 680 3916 se
717 3867 910 3930 opinor
937 3868 947 3930 Ι
977 3869 1197 3917 rostrum
1224 3879 1334 3917 sum
1360 3870 1522 3916 rostra
1550 3865 1571 3932 {l
1596 3867 1696 3918 260
1720 3865 1790 3919 Ν.
1808 3882 1861 3933 p.
1884 3867 1982 3918 237
2009 3865 2185 3929 altum,
2217 3881 2270 3931 p.
2301 3868 2403 3919 442

241 3932 562 4001 prospicere,
592 3947 646 3998 p.
671 3935 767 3985 133
802 3933 1023 3998 Ιίῐιιιιῐιιῃ
1051 3934 1146 3985 261
1187 3932 1254 3984 Ν.
1289 3949 1342 3999 p.
1382 3934 1478 3985 1-13
1517 3933 1692 3987 fellare
1723 3934 1731 3994 1
1761 3932 1835 4002 in]
1874 3939 1927 3986 et
1951 3934 1972 4002 ΙΙ
1998 3935 2096 3987 262
2132 3932 2201 3986 Ν.
2225 3949 2276 3999 p.
2304 3936 2402 3986 543

251 4001 460 4053 matella
492 4001 501 4065 Ι
531 4013 613 4051 res
647 3999 798 4053 huius
832 4002 987 4069 utque
1012 4007 1031 4069 n
1059 4002 1156 4054 263
1181 4000 1248 4052 Ν.
1270 4017 1323 4067 p.
1346 4003 1446 4054 545
1485 4001 1619 4054 dolls
1652 4003 1661 4070 Ι
1691 4003 1941 4056 accedunt
1968 4003 1987 4071 ΙΙ
2013 4005 2113 4056 264
2138 4003 2204 4056 Ν.
2222 4017 2276 4065 p.
2307 4004 2401 4055 147

255 4068 635 4136 obstringillare
659 4067 680 4135 fl
706 4070 804 4122 265
842 4069 909 4122 Ν.
939 4086 996 4137 p.
1036 4071 1134 4123 543
1170 4070 1356 4137 patella
