2881 4580
350 459 430 521 60

358 2755 436 2817 61

448 283 529 344 40
1378 283 1683 338 PETRONu

621 474 734 517 nec
777 456 876 517 diu
920 457 1119 517 mirari
1148 456 1314 518 licuit
1341 467 1458 518 tam
1489 458 1786 538 elegantes
1827 460 2130 540 strophas;
2176 479 2311 521 nam
2354 473 2600 543 repente
2621 472 2684 521 H

449 542 748 604 lacunaria
789 560 1001 604 sonare
1028 552 1357 621 coeperunt
1384 551 1693 622 totumque
1723 544 2042 606 triclinium
2071 545 2393 607 intremuit.
2452 567 2599 609 con-

450 636 745 689 sternatus
788 646 898 707 ego
943 627 1246 688 exsurrexi
1291 639 1350 689 et
1392 628 1593 702 timui,
1639 647 1715 690 ne
1759 648 1869 710 per
1900 638 2121 692 tectum
2151 632 2600 711 petauristarius

449 713 663 793 aliquis
700 712 1105 774 descenderet.
1172 730 1283 774 nec
1312 714 1510 775 minus
1538 713 1748 793 reliqui
1778 715 2056 776 convivae
2083 716 2365 778 mirantes
2394 736 2599 779 erexe-

450 817 517 860 re
559 798 782 872 vultus,
840 805 1216 877 expectantes
1272 798 1413 877 quid
1465 799 1600 859 novi
1645 800 1719 860 de
1760 800 1922 861 caelo
1978 801 2373 863 nuntiaretur.
2461 821 2603 864 ecce
2645 816 2682 865 5

452 893 650 945 autem
680 876 932 945 diductis
959 882 1336 945 lacunaribus
1365 883 1562 945 subito
1592 884 1849 946 circulus
1876 885 2121 966 ingens,
2159 885 2231 948 de
2260 905 2410 968 cupa
2439 889 2600 949 vide-

451 969 588 1031 licet
629 970 839 1048 grandi
883 986 1190 1041 excussus,
1237 968 1590 1043 demittitur,
1635 970 1803 1032 cuius
1831 988 1943 1051 per
1969 979 2159 1032 totum
2189 972 2395 1034 orbem
2427 992 2602 1034 coro-

454 1072 566 1116 nae
610 1071 821 1114 aureae
867 1072 1000 1114 cum
1043 1052 1344 1115 alabastris
1373 1055 1664 1134 unguenti
1693 1055 2053 1134 pendebant.
2112 1055 2249 1117 dum
2281 1059 2425 1119 haec
2455 1076 2600 1139 apo-

453 1140 701 1219 phoreta
729 1138 1004 1199 iubemur
1030 1156 1282 1212 sumere,
1314 1140 1637 1218 respiciens
1667 1141 1738 1201 ad
1766 1158 2030 1202 mensam

455 1225 569 1285 iam
611 1223 730 1285 illic
760 1223 1176 1304 repositorium
1207 1242 1339 1285 cum
1374 1224 1661 1303 placentis
1691 1225 1914 1304 aliquot
1944 1235 2071 1287 erat
2106 1227 2393 1305 positum,
2441 1230 2600 1307 quod
2648 1240 2713 1290 10

456 1308 712 1371 medium
744 1309 991 1389 Priapus
1020 1327 1052 1369 a
1082 1309 1306 1389 pistore
1334 1309 1525 1371 factus
1552 1311 1815 1384 tenebat,
1863 1313 2207 1390 gremioque
2236 1312 2376 1374 satis
2406 1314 2601 1393 amplo

453 1394 648 1457 omnis
690 1394 924 1474 generis
953 1412 1128 1474 poma
1158 1404 1217 1455 et
1243 1412 1384 1456 uvas
1413 1394 1742 1456 sustinebat
1769 1414 1935 1457 more
1964 1397 2219 1477 vulgato.
2280 1398 2501 1460 avidius
2530 1398 2600 1459 ad

451 1496 725 1560 pompam
784 1497 995 1542 manus
1036 1480 1435 1561 porreximuS,
1494 1489 1554 1540 et
1597 1490 1845 1560 repente
1890 1500 2039 1542 nova
2082 1482 2356 1544 ludorum
2404 1483 2600 1544 missio

452 1564 802 1626 hilaritatem
846 1564 943 1626 hic
985 1565 1208 1626 refecit.
1266 1583 1474 1626 omnes
1517 1564 1676 1626 enim
1720 1566 2025 1645 placentae
2068 1567 2384 1646 omniaque
2428 1587 2603 1649 poma

453 1650 627 1711 etiam
669 1649 912 1710 minima
953 1649 1258 1710 vexatione
1301 1658 1572 1711 contacta
1616 1661 1947 1729 coeperunt
1988 1652 2293 1713 effundere
2338 1672 2602 1728 crocum,

455 1744 516 1796 et
558 1753 745 1814 usque
789 1734 862 1794 ad
905 1753 972 1795 os
1002 1735 1281 1796 molestus
1309 1752 1485 1795 umor
1514 1735 1797 1797 accidere.
1858 1737 1969 1798 rati
2013 1755 2156 1814 ergo
2196 1755 2428 1799 sacrum
2475 1758 2604 1800 esse

456 1820 766 1881 fericulum
808 1828 927 1880 tam
973 1819 1247 1898 religioso
1291 1829 1576 1900 apparatu
1620 1822 1952 1901 perfusum,
1996 1823 2478 1885 consurreximus
2521 1825 2604 1885 al-

454 1904 572 1966 tius
616 1914 675 1966 et
718 1906 1033 1983 ‘Augusto,
1079 1905 1232 1985 patri
1272 1905 1525 1984 patriae,
1583 1906 1851 1967 feliciter’
1894 1907 2164 1968 diximus.
2253 1908 2603 1987 quibusdam

455 2000 651 2052 tamen
694 1989 868 2050 etiam
912 1999 1047 2069 post
1087 1991 1242 2051 hanc
1283 1990 1722 2052 venerationem
1764 2010 1942 2071 poma
1985 1992 2354 2073 rapientibus
2397 2001 2457 2054 et
2481 1994 2608 2075 'ipsi'

456 2093 699 2156 mappas
727 2075 1126 2154 implevimus,
1158 2094 1267 2155 ego
1299 2075 1643 2155 praecipue,
1675 2077 1774 2154 qui
1808 2078 1969 2139 nullo
2000 2076 2139 2140 satis
2168 2079 2365 2158 amplo
2395 2096 2606 2140 mune-

456 2178 522 2221 re
550 2159 828 2240 putabam
858 2178 954 2221 me
983 2178 1232 2221 onerare
1263 2160 1493 2222 Gitonis
1521 2160 1735 2222 sinum.

628 2246 787 2309 inter
841 2246 986 2308 haec
1030 2255 1150 2308 tres
1204 2247 1375 2328 pueri
1419 2246 1695 2309 candidas
1738 2247 2023 2309 succincti
2069 2247 2300 2311 tunicas
2344 2249 2605 2311 intrave-

456 2342 617 2406 runt,
648 2350 902 2411 quorum
935 2331 1051 2392 duo
1075 2332 1255 2393 Lares
1285 2332 1537 2393 bullatos
1565 2350 1745 2412 super
1773 2349 2034 2394 mensam
2067 2343 2419 2412 posuerunt,
2448 2353 2608 2396 unus

459 2427 720 2497 pateram
749 2417 871 2478 vini
898 2416 1325 2479 circumferens
1355 2417 1453 2478 ‘dii
1483 2417 1744 2497 propitii'
1774 2417 2079 2479 clamabat.

462 2502 652 2564 aiebat
679 2510 872 2563 autem
904 2520 1088 2563 unum
1120 2502 1481 2576 Cerdonem,
1525 2502 1772 2563 alterum
1802 2502 2186 2577 Felicionem,
2218 2504 2454 2565 tertium
2489 2504 2607 2566 Lu-

461 2588 724 2649 crionem
767 2587 985 2647 vocari.
1047 2606 1157 2648 nos
1200 2588 1373 2647 etiam
1417 2605 1614 2647 veram
1659 2587 1971 2666 imaginem
2004 2588 2188 2668 ipsius
2218 2588 2610 2650 Trimalchio-

462 2674 572 2746 nis,
604 2687 738 2733 cum
768 2672 883 2732 iam
915 2690 1120 2733 omnes
1148 2672 1475 2743 basiarent‚
1506 2672 1848 2733 erubuimus
1877 2673 2217 2752 praeterire.

630 2766 943 2837 postquam
989 2773 1129 2835 ergo
1176 2774 1383 2817 omnes
1425 2756 1644 2817 bonam
1686 2764 1944 2817 mentem
1977 2757 2312 2837 bonamque
2340 2758 2611 2820 valitudi-

463 2859 601 2902 nem
638 2841 750 2902 sibi
782 2850 1080 2920 optarunt,
1117 2840 1470 2902 Trimalchio
1503 2841 1576 2901 ad
1604 2841 1936 2903 Nicerotem
1968 2844 2225 2924 respexit
2252 2854 2312 2905 et
2341 2837 2612 2905 ‘solebas’

462 2925 657 3004 inquit
701 2925 964 2987 ‘suavius
1008 2943 1136 2988 esse
1179 2926 1241 2986 in
1286 2926 1596 3000 convictu3
1656 2928 1856 2989 nescio
1903 2929 2043 3007 quid
2088 2947 2252 2990 nunc
2294 2936 2454 2990 taces
2500 2948 2616 2989 nec

463 3010 683 3072 muttis.
744 3028 850 3071 oro
892 3019 982 3084 te,
1023 3012 1111 3073 sic
1139 3011 1365 3073 felicem
1397 3030 1494 3071 me
1522 3011 1748 3086 videas,
1794 3030 1967 3081 narra
1998 3013 2141 3075 illud
2172 3014 2329 3093 quod
2359 3013 2467 3075 tibi
2495 3033 2612 3075 usu

466 3095 672 3156 venit’.
750 3095 994 3158 Niceros
1036 3095 1358 3158 delectatus
1400 3096 1735 3158 affabilitate
1779 3097 1948 3158 amici
1993 3104 2206 3160 ‘omne
2249 3100 2373 3159 me’
2418 3098 2616 3178 inquit

464 3181 715 3242 ‘lucrum
758 3189 1044 3255 transeat,
1092 3182 1205 3243 nisi
1243 3182 1357 3243 iam
1388 3180 1607 3242 dudum
1652 3182 2027 3261 gaudimonio
2071 3183 2317 3258 dissilio,
2362 3185 2521 3264 quod
2554 3195 2614 3244 te

462 3267 637 3327 talem
681 3266 867 3327 video.
927 3266 1124 3344 itaque
1154 3267 1357 3328 hilaria
1387 3284 1547 3327 mera
1577 3268 1725 3339 sint,
1771 3268 1877 3329 etsi
1908 3268 2087 3329 timeo
2118 3269 2262 3331 istos
2306 3268 2616 3330 scholasti—

464 3369 596 3426 cos,
642 3371 719 3413 ne
765 3368 858 3411 me
903 3352 1147 3413 rideant.
1205 3352 1485 3413 viderint:
1533 3352 1787 3413 narrabo
1832 3363 2061 3427 tamen;
2108 3354 2248 3432 quid
2279 3354 2440 3415 enim
2467 3354 2614 3415 mihi

464 3438 683 3510 aufert,
731 3437 832 3515 qui
875 3434 1070 3497 ridet?
1125 3437 1309 3499 satius
1352 3446 1443 3498 est
1485 3437 1662 3498 rideri
1706 3455 1880 3515 quam
1928 3437 2226 3499 derideri'.
2287 3440 2462 3501 ‘haec
2506 3439 2613 3500 ubi

462 3521 615 3583 dicta
645 3522 802 3583 dedit
814 3522 848 3596 ’,
876 3522 1050 3582 talem
1080 3522 1334 3583 fabulam
1356 3540 1610 3583 exorsus
1639 3531 1759 3583 est:

635 3611 789 3668 ‘cum
832 3607 1023 3668 adhuc
1066 3607 1372 3681 servirem,
1418 3606 1824 3669 habitabamus
1866 3607 1927 3668 in
1957 3607 2086 3669 vico
2118 3614 2401 3689 angusto;
2447 3625 2614 3671 nunc

465 3690 716 3751 Gavillae
760 3691 968 3753 domus
998 3702 1104 3754 est.
1163 3692 1274 3766 ibi,
1321 3691 1618 3772 quomodo
1651 3693 1728 3753 dii
1759 3693 1993 3768 volunt,
2040 3710 2235 3754 amare
2266 3693 2437 3773 coepi
2466 3713 2615 3756 uxo-

638 3911 670 3961 6
705 3908 996 3977 deductusn
1026 3912 1087 3962 13
1123 3909 1186 3961 ad
1223 3909 1460 3977 Priapum
1500 3910 1732 3962 Keller-m
1770 3910 1780 3969 Ι
1811 3909 1901 3961 sed
1937 3914 2060 3961 anta
2095 3910 2366 3963 edideram
2395 3911 2405 3975 Ι
2434 3913 2614 3966 remis-

468 3976 546 4029 sio
583 3976 694 4045 1114
727 3975 973 4029 minorem
1009 3976 1131 4029 fecit
1165 3982 1396 4042 conieci,
1446 3979 1584 4030 hiare
1629 3978 1751 4031 feeit
1784 3976 2020 4029 Rolzdius
2046 3980 2065 4043 ΙΙ
2091 3980 2154 4030 16
2190 3994 2285 4032 nos
2322 3980 2343 4047 ῃ
2378 3983 2439 4033 17
2477 3983 2617 4047 peri-

467 4045 684 4113 culumfl
713 4048 774 4099 19
808 4044 947 4111 ipsas
974 4046 994 4113 ΙΙ
1017 4048 1081 4098 25
1116 4044 1374 4099 luetonem
1402 4046 1422 4113 ΙΙ
1448 4050 1513 4100 35
1549 4061 1630 4098 me
1667 4045 1928 4099 derideant
1962 4046 2147 4099 viderit

2651 1664 2714 1714 15

2654 2515 2717 2566 25

2660 2940 2721 2991 30

2662 3365 2721 3416 35
