2881 4580
445 289 526 350 28
715 273 723 282 “
1352 289 1656 344 ΡΕΤΒΟΝΠ

445 473 552 527 est.
606 465 943 527 Staminatas
985 463 1154 537 duxi,
1201 473 1259 524 et
1301 463 1480 542 plane
1516 472 1709 526 matus
1738 482 1888 525 sum.
1949 464 2121 524 vinus
2150 462 2295 523 mihi
2323 461 2384 523 in
2418 479 2586 522 cere·
2608 473 2664 525 H

446 550 619 612 brum
651 549 828 612 abiit’.

343 636 429 698 42
620 635 851 715 excepit
880 634 1161 696 Seleucus
1190 634 1419 696 fabulae
1452 642 1678 713 partem
1708 642 1768 694 et
1797 633 1945 711 ‘ego'
1975 633 2170 712 inquit
2199 637 2338 693 ‘non
2371 630 2588 692 cotidie

445 719 635 798 lavor3
667 720 921 782 baliscus
950 720 1108 780 enim
1141 719 1283 780 fullo
1314 729 1420 794 est,
1453 737 1603 797 aqua
1631 719 1840 780 dentes
1868 718 2063 792 habet,
2095 727 2155 779 et
2183 735 2287 779 cor
2314 725 2587 778 nostrum

449 804 662 867 cotidie
705 805 996 883 liquescit.
1056 805 1158 866 sed
1204 822 1338 865 cum
1371 803 1544 865 mulsi
1589 804 1905 883 pultarium
1938 802 2187 875 obduxi,
2233 801 2440 882 frigori
2470 801 2590 862 lae·
2632 809 2666 858 5

449 890 608 951 casin
667 890 819 951 dico.
881 907 994 951 nec
1046 907 1188 950 sane
1231 889 1422 950 lavare
1465 890 1663 968 potui3
1721 888 1804 950 fui
1849 888 2009 950 enim
2066 888 2237 949 hodie
2282 887 2341 947 in
2388 887 2588 948 funus.

447 976 627 1037 homo
674 974 896 1049 bellus,
956 984 1072 1035 tam
1116 974 1311 1035 honus
1357 974 1757 1054 Chrysanthus
1800 974 2052 1034 animam
2096 972 2340 1033 ebulliit.
2392 971 2589 1043 modo,

450 1060 626 1122 modo
684 1078 778 1121 me
838 1059 1165 1139 appellavit.
1223 1060 1427 1120 videor
1471 1060 1612 1120 mihi
1660 1077 1794 1120 cum
1839 1059 1939 1119 illo
1987 1058 2168 1137 loqui.
2228 1058 2373 1131 heu,
2420 1057 2591 1117 eheu.

448 1153 614 1206 utres
655 1144 850 1215 inflati,
887 1144 1270 1206 ambulamus.
1330 1145 1577 1206 minoris
1617 1162 1793 1222 quam
1825 1162 2060 1205 muscae
2089 1161 2322 1217 sumus,
2365 1159 2594 1203 muscae

451 1240 646 1291 tamen
694 1230 947 1308 aliquam
989 1229 1262 1291 virtutem
1307 1229 1561 1302 habent,
1614 1247 1725 1290 nos
1770 1247 1890 1289 non
1937 1228 2124 1308 pluris
2167 1246 2372 1290 sumus
2417 1243 2592 1305 quam
2637 1233 2702 1285 lo

451 1315 667 1376 bullae.
728 1324 787 1376 et
829 1314 969 1394 quid
1001 1314 1049 1375 si
1085 1333 1207 1374 non
1241 1313 1510 1376 abstinax
1552 1314 1777 1375 fuisset.
1837 1312 2102 1392 quinque
2131 1312 2256 1374 dies
2287 1329 2498 1391 aquam
2527 1312 2589 1372 in

453 1419 519 1462 os
549 1418 721 1461 suum
755 1419 878 1460 non
912 1399 1194 1472 coniecit,
1228 1418 1350 1460 non
1383 1400 1594 1460 micam
1627 1399 1814 1479 panis.
1874 1409 2069 1459 tamen
2102 1398 2243 1459 abiit
2273 1399 2341 1458 ad
2373 1398 2592 1477 plures·

452 1484 664 1546 medici
721 1485 886 1547 illum
931 1484 1347 1563 perdiderunt,
1407 1485 1590 1545 immo
1632 1484 1816 1562 magis
1858 1484 2048 1546 malus
2091 1486 2274 1558 fatus3
2328 1482 2594 1544 medicus

455 1570 616 1631 enim
648 1569 794 1631 nihil
823 1568 978 1630 aliud
1011 1579 1100 1630 est
1143 1587 1317 1646 quam
1347 1570 1528 1630 animi
1573 1568 1913 1630 consolatio.
1974 1578 2170 1630 tamen
2218 1568 2373 1629 bene
2408 1567 2595 1628 elatus

454 1665 574 1728 est,
619 1654 775 1716 vitali
818 1654 971 1715 lecto
992 1699 1008 1728 ,
1054 1654 1326 1731 stragulis
1370 1654 1564 1715 bonis.
1625 1654 1897 1733 planctus
1934 1662 2022 1716 est
2053 1654 2271 1733 optime
2299 1687 2386 1698 —-
2414 1671 2594 1714 manu
2639 1658 2704 1710 15

454 1741 615 1801 misit
656 1740 990 1818 aliquot,—
1020 1738 1195 1800 etiam
1241 1739 1290 1800 si
1337 1739 1594 1818 maligne
1638 1738 1802 1800 illum
1846 1739 2098 1820 ploravit
2140 1757 2306 1800 uxor.
2361 1737 2501 1816 quid
2543 1737 2595 1797 si

455 1843 580 1886 non
627 1824 783 1885 illam
830 1823 1050 1902 optime
1095 1824 1434 1902 accepisset.
1496 1823 1600 1886 sed
1627 1823 1841 1885 mulier
1871 1843 2018 1903 quae
2049 1823 2262 1885 mulier
2291 1823 2595 1884 milvinum

457 1927 665 1988 genus.
728 1908 1027 1969 neminem
1059 1908 1204 1970 nihil
1235 1909 1379 1970 boni
1409 1910 1604 1970 facere
1635 1918 1900 1988 oportet;
1932 1927 2119 1988 aeque
2148 1918 2235 1971 est
2265 1909 2425 1969 enim
2453 1925 2522 1968 ac
2545 1907 2596 1967 si

459 1994 520 2054 in
554 2003 799 2073 puteum
832 1994 1107 2055 coniciaS.
1167 1994 1266 2054 sed
1299 1994 1578 2072 antiquus
1608 2012 1774 2055 amor
1803 2012 2016 2055 cancer
2045 1994 2169 2056 est’.

352 2083 437 2146 43
570 2116 573 2119 >
628 2079 911 2140 molestus
940 2079 1080 2151 fuit,
1125 2078 1511 2157 Philerosque
1542 2080 1952 2159 proclamavit:
1997 2079 2278 2140 ‘vivorum
2307 2075 2601 2138 memine-
2642 2074 2708 2135 20

455 2164 661 2225 rimus·
721 2164 819 2225 ille
861 2163 1067 2237 habet,
1113 2163 1271 2241 quod
1315 2163 1425 2225 sibi
1457 2165 1808 2226 debebatur:
1855 2165 2102 2226 honeste
2132 2163 2302 2236 vixit,
2347 2164 2597 2223 honeste

458 2248 622 2311 obiit.
684 2249 823 2329 quid
868 2247 1047 2311 habet
1090 2248 1248 2328 quod
1278 2248 1606 2328 queratur?
1650 2249 1723 2310 ab
1762 2267 1888 2312 asse
1922 2250 2101 2311 crevit
2132 2257 2192 2311 et
2221 2256 2458 2328 paratus
2487 2247 2600 2308 fuit

459 2337 844 2415 quadrantem
877 2335 948 2395 de
977 2345 1239 2396 stercore
1271 2335 1569 2397 mordicus
1591 2336 1817 2396 tollere.
1864 2336 2060 2414 itaque
2084 2335 2284 2408 crevit,
2318 2333 2595 2414 quicquid

459 2420 670 2493 crevit,
715 2430 993 2498 tanquam
1038 2421 1220 2480 favus.
1278 2429 1425 2499 puto
1471 2421 1840 2482 mehercules
1883 2421 2045 2481 illum
2076 2420 2382 2499 reliquisse
2411 2417 2597 2480 solida

459 2514 732 2578 centum,
779 2514 838 2565 et
881 2504 1079 2565 omnia
1123 2505 1183 2564 in
1232 2505 1490 2565 nummis
1533 2505 1753 2566 habuit.
1814 2505 1886 2567 de
1931 2523 1995 2566 re
2028 2515 2221 2566 tamen
2257 2522 2366 2583 ego
2394 2521 2598 2563 verum
2643 2509 2706 2561 ᾖ

460 2590 667 2662 dicam,
700 2590 800 2669 qui
832 2588 1093 2667 linguam
1125 2587 1397 2649 caninam
1428 2590 1686 2650 comedi:
1736 2591 1915 2650 durae
1946 2589 2166 2651 buccae
2191 2590 2330 2662 fuit,
2361 2589 2597 2667 linguo-

459 2694 590 2748 suS,
622 2674 942 2743 discordia,
977 2692 1097 2733 non
1130 2673 1329 2733 homo.
1388 2675 1571 2734 frater
1601 2675 1726 2735 eius
1756 2674 1925 2735 fortis
1957 2675 2098 2748 fuit,
2136 2674 2358 2736 amicus
2389 2673 2596 2747 amico,

458 2777 639 2820 manu
672 2759 873 2838 plena,
920 2766 1098 2818 uncta
1130 2776 1350 2819 mensa.
1411 2768 1470 2819 et
1499 2758 1656 2819 inter
1686 2759 1846 2820 initia
1877 2759 2087 2820 malam
2116 2778 2350 2839 parram
2380 2757 2597 2839 pilavit,

459 2843 561 2904 sed
593 2842 917 2903 recorrexit
947 2850 1139 2904 costas
1167 2842 1322 2904 illius
1352 2843 1541 2922 prima
1565 2843 1883 2918 vindemia3
1913 2845 2173 2906 vendidit
2195 2845 2351 2906 enim
2375 2845 2597 2917 vinum,

463 2927 669 3006 quanti
711 2927 837 3007 ipse
879 2927 1078 2988 voluit.
1138 2937 1196 2988 et
1226 2930 1384 3006 quod
1414 2928 1570 2989 illius
1601 2939 1865 2991 mentum
1910 2930 2172 3003 sustulit,
2219 2929 2601 2990 hereditatem
2646 2936 2709 2986 30

461 3012 705 3091 accepit,
737 3031 808 3073 ex
840 3030 952 3091 qua
984 3012 1117 3092 plus
1146 3013 1437 3085 involavit,
1470 3032 1641 3091 quam
1674 3014 1754 3075 illi
1786 3014 2054 3076 relictum
2080 3024 2185 3076 est.
2233 3024 2291 3075 et
2312 3014 2406 3074 ille
2429 3014 2596 3093 stipS‚

460 3098 600 3158 dum
630 3097 796 3158 fratri
826 3116 935 3159 suo
966 3097 1266 3170 irascitur,
1302 3099 1499 3160 nescio
1531 3099 1625 3160 cui
1657 3108 1846 3160 terrae
1876 3099 1997 3159 filio
2029 3100 2445 3179 patrimonium
2478 3099 2598 3159 ele-

460 3182 633 3262 gavit.
692 3183 869 3261 longe
911 3182 1092 3259 fugit,
1140 3182 1406 3261 quisquis
1450 3202 1590 3246 suos
1635 3185 1801 3263 fugit.
1862 3184 2066 3245 habuit
2107 3194 2301 3246 autem
2332 3184 2598 3264 oracula-

459 3267 582 3329 rios
610 3286 841 3341 servos,
886 3267 985 3345 qui
1018 3267 1182 3327 illum
1211 3269 1788 3347 pessum-dederunt.
1830 3270 1839 3347 Ι
1879 3287 2181 3348 nunquam
2213 3279 2408 3331 autem
2436 3278 2595 3330 recte
2610 3283 2708 3334 HL

456 3354 665 3426 faciet,
712 3353 813 3430 qui
858 3353 973 3412 cito
1019 3352 1232 3426 credit,
1271 3351 1281 3432 Ι
1320 3354 1525 3431 utique
1555 3354 1732 3414 homo
1766 3355 2090 3433 negotians.
2152 3364 2347 3416 tamen
2392 3372 2594 3416 verum
2640 3364 2700 3414 35
2727 3360 2784 3410 H

463 3438 620 3516 quod
651 3437 912 3498 frunitus
942 3445 1059 3511 est,
1091 3455 1264 3515 quam
1296 3437 1393 3498 diu
1427 3437 1567 3498 vixit
1955 3440 2050 3499 cui
2080 3441 2278 3500 datum
2312 3448 2430 3512 est,
2470 3457 2592 3500 non

463 3523 559 3583 cui
604 3523 981 3583 destinatum.
1040 3521 1215 3600 plane
1246 3521 1543 3583 Fortunae
1574 3522 1757 3595 filius,
1803 3524 1863 3584 in
1898 3542 2076 3585 manu
2106 3524 2259 3586 illius
2287 3524 2595 3603 plumbum

461 3625 671 3667 aurum
716 3607 910 3667 fiebat.
969 3606 1140 3668 facile
1170 3615 1259 3668 est
1289 3616 1516 3682 autem,
1539 3607 1641 3668 ubi
1674 3608 1869 3669 omnia
1904 3610 2179 3688 quadrata
2211 3618 2476 3670 currunt.
2537 3618 2597 3669 et

464 3699 610 3770 quot
639 3699 809 3771 putas
838 3692 1004 3752 illum
1033 3709 1224 3753 annos
1252 3711 1455 3753 secum
1483 3691 1732 3754 tulisse?
1766 3694 2136 3774 septuaginta
2165 3704 2224 3755 et
2250 3711 2445 3773 supra.
2491 3693 2594 3755 sed

633 3912 666 3960 4
699 3908 988 3961 balaniscus
1006 3909 1280 3961 Reinesius
1303 3910 1322 3974 ΙΙ
1351 3913 1380 3965 8
1407 3910 1509 3978 hey
1541 3916 1621 3963 est
1639 3911 1740 3978 hey
1767 3912 1785 3976 ΙΙ
1814 3913 1873 3965 18
1898 3911 2111 3963 feminae
2131 3912 2234 3963 Iac.
2259 3910 2596 3979 Gronoviusss

467 3979 528 4030 19
564 3977 760 4029 anticus
797 3975 1186 4039 Hirschfeldius
1211 3978 1231 4045 ΙΙ
1258 3982 1322 4031 20
1356 3978 1581 4045 philetos
1619 3980 1708 4045 qui
1744 3980 1764 4046 ΙΙ
1802 3981 1866 4032 28
1915 3984 2064 4031 uncta
2111 3981 2261 4045 plena
2290 3981 2397 4042 1130
2433 3994 2593 4046 quan-

461 4050 567 4097 tum
593 4043 612 4113 ΙΙ
641 4047 704 4098 33
741 4045 1036 4098 oricularios
1060 4045 1337 4098 Reinesius
1363 4046 1384 4115 Η
1407 4050 1472 4099 36
1510 4048 1590 4099 cui
1627 4047 1800 4099 datum
1837 4051 1932 4112 est,
1969 4047 2139 4099 datum
2178 4051 2258 4100 est
2275 4046 2595 4099 Mum-leem
