2881 4580
464 287 545 346 36
917 325 925 333 -
1380 284 1684 338 PETRONII

465 460 576 521 bus
606 465 714 539 per
742 458 1052 520 ridiculum
1084 456 1302 537 aliquid
1334 456 1704 536 catastropha
1728 468 2131 535 quaereretur.
2176 476 2288 519 nec
2318 457 2480 518 enim
2508 458 2612 518 ad·
2651 465 2708 514 Η

463 545 584 605 huc
627 543 921 605 exciderat
964 563 1140 605 cocus
1184 543 1312 614 ille,
1358 543 1461 621 qui
1504 542 1723 604 oblitus
1763 544 1957 605 fuerat
1983 561 2234 622 porcum
2263 542 2614 604 exinterare.

467 631 665 709 itaque
707 638 897 690 totum
943 628 1398 706 circumspicere
1443 628 1764 689 triclinium
1813 628 2012 707 coepi,
2059 646 2136 688 ne
2179 645 2288 708 per
2329 628 2615 706 parietem

470 722 829 775 automatum
859 713 1096 793 aliquod
1119 714 1323 785 exiret,
1353 713 1557 790 utique
1581 723 1895 792 postquam
1919 730 2124 774 servus
2142 713 2444 774 verberari
2474 731 2613 774 coe-

468 801 587 879 pit,
633 800 734 879 qui
767 800 1074 860 brachium
1119 797 1343 859 domini
1388 808 1708 859 contusum
1752 797 1882 859 alba
1914 797 2111 876 potius
2142 815 2320 876 quam
2349 798 2614 878 conchy-
2658 809 2690 858 5

468 885 605 946 liata
636 885 958 946 involverat
984 884 1138 945 lana.
1197 901 1310 944 nec
1339 882 1519 961 longe
1547 883 1840 944 aberravit
1866 882 2123 961 suspicio
2149 901 2309 957 mea;
2340 882 2402 943 in
2428 883 2614 945 vicem

469 970 628 1033 enim
659 989 889 1049 poenae
930 970 1090 1030 venit
1131 968 1433 1029 decretum
1462 968 1943 1040 Trimalchionis,
1989 968 2402 1047 quofpuerum
2447 968 2621 1030 iussit

470 1055 721 1116 liberum
753 1073 913 1129 esse,
960 1073 1036 1115 ne
1066 1054 1200 1133 quis
1228 1062 1431 1133 posset
1459 1054 1687 1126 dicere,
1734 1062 1962 1114 tantum
2004 1053 2194 1113 virum
2224 1072 2353 1115 esse
2382 1071 2415 1113 a
2444 1072 2617 1115 servo

470 1140 861 1202 vulneratum.

369 1229 450 1290 55
647 1224 660 1306 Ι
696 1227 1150 1305 comprobamus
1178 1242 1291 1284 nos
1317 1224 1537 1283 factum
1577 1221 1588 1301 Ι
1627 1231 1688 1282 et
1730 1240 1904 1301 quam
1947 1223 2009 1284 iu
2040 1222 2348 1301 praecipiti
2379 1239 2476 1284 res
2503 1222 2618 1283 hu·
2665 1233 2865 1341 ιοΗιθῑΙ

468 1329 677 1372 manae
705 1320 923 1385 essent,
962 1312 974 1392 Ι
1010 1309 1169 1370 vario
1199 1326 1478 1369 sermone
1500 1306 1809 1386 garrimuS.
1852 1305 1862 1388 Ι
1901 1307 2017 1368 ‘ita’
2040 1307 2235 1385 inquit
2256 1307 2614 1370 Trimalchio
2653 1322 2849 1388 HLogfl

471 1405 615 1457 ‘non
662 1406 894 1475 oportet
936 1396 1098 1457 hunc
1141 1411 1344 1456 casum
1388 1393 1519 1454 sine
1562 1391 1953 1472 inscriptione
1996 1392 2268 1454 transire’
2299 1393 2618 1472 statimque

471 1480 772 1543 codicillos
799 1481 1073 1561 poposcit
1096 1488 1155 1540 et
1178 1498 1303 1540 non
1333 1478 1434 1539 diu
1467 1477 1827 1556 cogitatione
1857 1477 2104 1539 distorta
2145 1478 2292 1539 haec
2321 1479 2616 1540 recitavit:

760 1563 772 1648 Ι
812 1566 989 1644 ‘quod
1020 1584 1143 1626 non
1175 1575 1472 1643 expectes,
1502 1581 1573 1623 ex
1601 1572 1938 1623 transverso
1968 1564 2157 1623 fito..
2181 1607 2216 1614 -
2649 1577 2747 1628 HL

859 1693 892 1700 -
931 1660 994 1711 et
1019 1667 1200 1729 supra
1228 1666 1341 1709 nos
1370 1648 1636 1708 Fortuna
1665 1648 1902 1726 negotia
1931 1657 2116 1709 curat.
2655 1658 2714 1709 15

852 1738 862 1811 Ι
901 1753 1084 1814 quare
1112 1733 1186 1794 da
1216 1733 1391 1795 nobis
1416 1733 1554 1794 vina
1582 1732 1854 1807 Falerna,
1887 1732 2076 1812 puer.’
2650 1748 2703 1798 H
2863 1800 2864 1803 Ι

642 1820 715 1881 ab
746 1821 862 1880 hoc
890 1820 1308 1900 epigrammate
1345 1815 1356 1899 Ι
1394 1818 1593 1898 coepit
1619 1828 1928 1897 poetarum
1957 1836 2087 1880 esse
2116 1817 2340 1879 mentio
2648 1832 2791 1883 HLO

475 1906 695 1984 diuque
738 1922 963 1966 summa
1007 1904 1287 1966 carminis
1329 1922 1516 1984 penes
1559 1903 1829 1983 Mopsum
1859 1903 2146 1964 Thracem
2175 1913 2494 1964 memorata
2527 1913 2618 1964 est

472 1991 666 2052 donec
686 1989 1040 2052 Trimalchio
1072 1989 1256 2069 ‘rogo'
1286 1989 1482 2067 inquit
1511 1989 1840 2066 magister,
1887 1987 2029 2066 quid
2059 1998 2233 2068 putas
2262 1988 2420 2050 inter
2450 1988 2617 2049 Cice-

471 2094 676 2136 ronem
723 2084 782 2136 et
825 2075 1139 2136 Publilium
1185 2071 1518 2135 interesse?
1596 2090 1706 2151 ego
1764 2073 2011 2134 alterum
2055 2082 2200 2151 puto
2243 2072 2615 2136 disertiorem
2657 2082 2719 2133 20

471 2161 686 2236 fuisse,
715 2161 965 2222 alterum
994 2158 1418 2221 honestiorem.
1482 2158 1621 2237 quid
1655 2158 1811 2219 enim
1843 2157 1935 2219 his
1964 2157 2180 2219 melius
2223 2157 2340 2219 dici
2379 2156 2619 2238 potest?

835 2244 1141 2309 “luxuriae
1172 2245 1324 2307 rictu
1354 2244 1559 2306 Martis
1585 2253 1852 2305 marcent
1880 2242 2134 2305 moenia.

878 2342 981 2394 tuo
1014 2332 1208 2412 palato
1239 2331 1476 2392 clausus
1503 2348 1649 2410 pavo
1681 2331 1943 2407 pascitur

877 2417 1138 2498 plumato
1170 2416 1417 2477 amictus
1449 2433 1634 2477 aureo
1665 2414 2044 2495 Babylonico,

880 2502 1095 2581 gallina
1124 2502 1231 2562 tibi
1260 2501 1586 2575 Numidica,
1616 2500 1723 2561 tibi
1751 2499 1941 2579 gallus
1969 2498 2182 2578 spado;
2659 2508 2717 2558 25

880 2587 1109 2647 ciconia
1139 2586 1334 2659 etiam,
1364 2596 1529 2664 grata
1555 2585 1872 2664 peregrina
1900 2583 2133 2663 hospita

878 2670 1296 2750 pietaticultrix
1327 2670 1642 2749 gracilipes
1672 2668 2029 2730 crotalistria

881 2756 1003 2817 avis
1030 2755 1167 2816 exul
1196 2755 1422 2828 hiemis
1454 2754 1661 2815 titulus
1682 2754 1869 2833 tepidi
1898 2753 2202 2833 temporie,

884 2840 1181 2918 nequitiae
1213 2840 1417 2901 nidum
1446 2840 1508 2899 in
1540 2838 1798 2900 caccabo
1824 2839 1966 2900 fecit
1996 2837 2193 2899 modo.

882 2944 1002 3004 quo
1031 2926 1346 3004 margarita
1373 2942 1511 2985 cara
1537 2923 1665 2997 tihi,
1694 2924 1897 2985 bacam
1920 2920 2226 2985 Indicam?
2660 2931 2720 2981 8⁰

885 3029 961 3071 an
994 3019 1060 3072 ut
1090 3020 1357 3071 matrona
1388 3018 1598 3071 ornata
1626 3009 1883 3088 phaleris
1911 3007 2157 3088 pelagiis

880 3095 1046 3156 tollat
1073 3097 1256 3174 pedes
1285 3095 1568 3156 indomita
1599 3094 1660 3155 in
1691 3104 1876 3156 strato
1908 3089 2238 3155 extraneo?

880 3180 1256 3259 zmaragdum
1277 3178 1350 3240 ad
1373 3198 1549 3258 quam
1578 3198 1704 3240 rem
1727 3180 1991 3252 viridem,
2013 3177 2340 3258 pretiosum
2361 3176 2577 3236 vitrum
2591 3172 2622 3234 ‘2

884 3284 1002 3344 quo
1034 3265 1470 3327 Carchedonios
1499 3273 1666 3344 optas
1696 3265 1865 3344 ignes
1894 3260 2198 3344 lapideos?
2383 3342 2387 3347 .

884 3350 998 3411 nisi
1028 3361 1096 3411 ut
1123 3349 1402 3411 scintillet
1429 3350 1693 3429 probitas
1722 3369 1756 3411 e
1784 3348 2182 3412 carbunculis.
2662 3354 2721 3404 35

651 3501 674 3549 1
715 3498 942 3563 periculo
979 3498 1173 3566 aliquid
1199 3500 1219 3565 ΙΙ
1242 3503 1270 3551 7
1308 3500 1446 3551 enim
1492 3499 1659 3567 ceneu
1689 3501 1719 3552 8
1754 3513 1904 3552 servo
1948 3498 2217 3551 liberatum
2244 3495 2264 3563 ΙΙ
2295 3499 2355 3548 10
2392 3510 2624 3561 compro-

480 3565 660 3616 bamus
696 3564 887 3617 factum
912 3568 1159 3634 varioque
1193 3570 1430 3632 iungunt
1453 3566 1560 3619 LO.
1597 3569 1840 3618 Petronii
1864 3570 2040 3618 oratio
2065 3568 2293 3618 habebat
2325 3567 2490 3615 etiam
2515 3562 2625 3613 tale

479 3639 533 3684 et
569 3631 817 3684 recordati
854 3639 951 3686 aut
982 3638 1034 3687 et
1069 3649 1185 3687 cum
1213 3635 1564 3701 Agamemnon
1600 3650 1897 3701 expromere
1922 3635 2181 3701 coepisset
2206 3646 2362 3700 quam
2387 3633 2407 3697 ΙΙ
2434 3635 2498 3685 14
2534 3646 2628 3682 ex-

478 3707 657 3767 pectas
692 3700 738 3752 L
767 3701 776 3767 Ι
805 3700 1015 3770 ubique,
1048 3709 1223 3755 nostra
1258 3703 1527 3770 supplevit
1560 3704 1811 3755 Heinsius
1834 3703 1854 3770 ΙΙ
1883 3706 1942 3757 17
1983 3708 2248 3769 poetarum
2285 3700 2458 3765 coepit
2479 3699 2573 3750 Lo
2607 3698 2626 3765 ΙΙ

483 3771 545 3822 18
582 3774 890 3821 commorata
936 3771 1105 3822 codex
1146 3771 1460 3825 Messenius.
1530 3771 1756 3837 dempsit
1800 3774 2118 3837 epitomator
2179 3787 2249 3820 ex
2296 3770 2623 3820 Petroniana

485 3835 892 3889 Trimalchionis
924 3854 1166 3890 sermone
1199 3844 1334 3904 erat,
1379 3840 1446 3890 de
1477 3855 1575 3890 suo
1611 3839 1826 3890 addidit
1861 3854 1962 3905 que
1995 3842 2051 3888 et
2083 3843 2365 3890 memorata
2403 3841 2484 3888 est
2520 3836 2529 3903 Ι
2559 3838 2622 3890 19

478 3908 631 3970 putes
666 3905 758 3955 LO
780 3905 801 3972 Ι
827 3909 892 3987 29
927 3906 1160 3987 publium
1187 3908 1207 3972 ΙΙ
1231 3910 1295 3960 23
1349 3908 1574 3958 nascitur
1587 3907 1619 3989 J}
1644 3910 1706 3987 27
1752 3907 1962 3987 pietatis
2006 3906 2190 3959 cultrix
2224 3905 2318 3957 ΗΟ
2344 3906 2364 3968 ΙΙ
2387 3906 2452 3957 29
2521 3904 2626 3955 ecit

478 3985 622 4091 rs
626 3974 688 4092 ..¹
682 3974 767 4092 s
774 3975 1146 4110 ..rtatim
1177 3975 1648 4095 mmm)
1677 3974 2020 4094 arata}
2052 3972 2440 4095 martia„
2490 3973 2623 4091 3..
