2881 4580
1201 270 1481 324 SATlRAE
2290 279 2322 334 1
2333 276 2413 335 03

148 448 232 499 Lo
266 453 459 515 cerat,
519 460 819 520 anumque
876 442 1141 521 pondere
1199 462 1307 505 suo
1359 445 1642 506 deiectam
1689 464 1870 526 super
1913 446 2173 508 foculum
2220 449 2418 510 mittit.

264 529 564 606 frangitur
608 546 748 607 ergo
793 528 990 587 cervix
1017 530 1368 590 cucumulae
1411 531 1732 610 ignemque
1777 533 1952 593 modo
1999 532 2417 594 convalescen-

96 616 230 685 L1L0
264 624 381 673 tem
429 613 762 693 restinguit.
804 609 813 691 Ι
852 621 1019 673 vexat
1059 614 1327 675 cubitum
1367 616 1500 695 ipsa
1544 616 1742 696 stipite
1772 617 2003 678 ardenti
2041 617 2050 696 Ι
2088 618 2419 698 faciemque

262 709 447 759 totam
501 699 759 760 excitato
800 698 1007 759 cinere
1051 701 1374 778 perfundit.
1434 702 1784 763 consurrexi
1829 702 2101 782 equidem
2148 704 2420 765 turbatus

192 784 221 832 5
261 801 563 862 anumque
595 803 716 844 non
745 782 878 844 sine
906 784 1032 844 risu
1057 786 1225 846 erexi

187 866 228 916 L
264 874 270 941 Ι
304 869 656 947 statimque,
690 887 765 929 ne
791 887 889 930 res
916 869 1108 948 aliqua
1135 871 1493 932 sacrificium
1524 882 1888 946 moraretur,
1922 874 1993 933 ad
2025 873 2415 935 reficiendum

267 972 464 1033 ignem
494 954 555 1014 in
591 954 858 1015 viciniam
891 956 1172 1015 cucurrit.

198 1038 234 1085 0
270 1037 276 1119 Ι
310 1040 510 1117 itaque
542 1040 612 1099 ad
644 1058 810 1100 casae
842 1040 1118 1101 ostiolum
1150 1042 1412 1120 processi

97 1127 231 1201 L01L
266 1129 274 1203 Ι
310 1142 445 1185 oum
480 1143 629 1185 ecce
656 1132 778 1186 tres
806 1143 1049 1186 anseres
1079 1125 1232 1187 sacri
1272 1125 1282 1205 Ι
1322 1127 1459 1205 qui,
1490 1136 1558 1188 ut
1586 1135 1764 1207 puto,
1796 1128 1990 1189 medio
2017 1128 2114 1190 die
2145 1128 2418 1190 solebant

90 1220 224 1270 L010
262 1208 334 1270 ab
361 1227 485 1270 anu
511 1210 697 1270 diaria
728 1210 980 1289 exigere,
1022 1207 1032 1291 Ι
1071 1212 1352 1291 impetum
1396 1211 1457 1271 in
1490 1230 1589 1272 me
1619 1212 1844 1272 faciunt
1870 1214 2165 1292 foedoque
2196 1233 2265 1275 ac
2294 1215 2415 1276 vel—

264 1294 345 1355 uti
393 1295 628 1356 rabioso
674 1295 926 1357 stridore
973 1296 1417 1357 circumsistunt
1460 1296 1875 1376 trepidantem.
1935 1307 2110 1376 atque
2141 1299 2289 1361 alius
2319 1309 2414 1360 tu-

268 1380 455 1441 nicam
503 1399 694 1441 meam
739 1381 989 1454 lacerat,
1037 1381 1185 1443 alius
1230 1381 1463 1442 vincula
1509 1382 2043 1443 calceamentorum
2076 1384 2315 1446 resolvit
2345 1403 2412 1445 ac

264 1465 473 1539 trahit3
504 1485 664 1527 unus
692 1466 900 1539 etiam,
932 1466 1047 1527 dux
1080 1485 1148 1527 ac
1182 1467 1458 1546 magister
1487 1468 1775 1541 saevitiae,
1807 1486 1929 1527 non
1962 1467 2247 1529 dubitavit
2277 1488 2414 1532 crus

264 1568 461 1611 meum
514 1560 741 1612 serrato
797 1569 1008 1612 vexare
1064 1570 1286 1613 morsu.
1347 1552 1566 1614 oblitus
1620 1553 1816 1631 itaque
1869 1569 2156 1629 nugarum
2201 1555 2411 1634 pedem

175 1645 224 1695 15
264 1636 565 1697 mensulae
596 1637 812 1697 extorsi
845 1636 1134 1715 coepique
1165 1637 1669 1717 pugnacissimum
1700 1637 1915 1698 animal
1946 1648 2162 1699 armata
2195 1639 2413 1702 elidere

265 1739 461 1782 manu.
508 1740 622 1782 nec
650 1722 893 1783 satiatus
922 1721 1298 1783 defunctorio
1326 1723 1468 1795 ictu,
1499 1732 1690 1784 morte
1720 1741 1816 1784 me
1848 1723 2073 1784 anseris
2095 1724 2411 1786 vindicavi:

665 1807 812 1868 tales
841 1806 1130 1869 Herculea
1161 1808 1592 1887 Stymphalidas
1620 1816 1744 1869 arte
1772 1816 2005 1870 coactas

668 1894 738 1953 ad
767 1892 997 1952 caelum
1027 1893 1247 1972 fugisse
1276 1911 1433 1966 reor,
1466 1912 1739 1973 peneque
1768 1895 2021 1956 fluentes

670 1977 973 2057 Harpyias,
1005 1996 1141 2039 cum
1176 1978 1401 2038 Phineo
1429 1979 1711 2039 maduere
1739 1998 1973 2041 veneno

172 2070 224 2120 20
666 2064 902 2124 fallaces
930 2064 1159 2142 epulae.
1223 2064 1464 2124 tremuit
1493 2065 1843 2143 perterritus
1874 2065 2078 2125 aether

666 2148 1004 2228 planctibus
1032 2148 1302 2222 insolitiS‚
1333 2151 1703 2228 confusaque
1734 2151 1894 2228 regia
1926 2149 2071 2210 caeli

1323 2255 1357 2292 ᾖ

193 2322 233 2373 L
426 2318 436 2397 Ι
474 2319 586 2379 iam
622 2319 834 2398 reliqui
876 2320 1201 2380 revolutam
1246 2319 1582 2398 passimque
1627 2338 1735 2399 per
1776 2327 1967 2379 totum
2010 2318 2259 2379 effusam
2305 2336 2412 2397 pa—

265 2405 583 2465 vimentum
614 2405 976 2483 collegerant
1005 2404 1230 2478 fabam,
1264 2404 1608 2482 orbatique,
1640 2413 1708 2464 ut
1737 2404 2040 2476 existimo,
2073 2402 2223 2463 duce
2253 2404 2411 2463 redi·-

263 2497 433 2549 erant
477 2489 537 2549 in
584 2490 904 2570 templum,
951 2509 1084 2551 cum
1132 2507 1241 2567 ego
1287 2490 1503 2570 praeda
1544 2489 1723 2550 sim-ul
1762 2498 1937 2568 atque
1970 2482 2127 2571 [hac]
2156 2487 2410 2549 vindicta

169 2581 221 2631 25
259 2575 522 2652 gaudens
566 2586 705 2655 post
744 2575 965 2637 lectum
1011 2575 1271 2636 occisum
1318 2592 1587 2636 anserem
1633 2575 1801 2635 mitto
1841 2573 2176 2652 vulnusque
2216 2575 2411 2635 cruris

263 2660 415 2720 haud
462 2660 640 2722 altum
687 2671 854 2722 aceto
899 2660 1079 2722 diluo.
1138 2660 1352 2722 deinde
1398 2660 1731 2722 convicium
1762 2678 1971 2720 verens
2001 2658 2258 2719 abeundi
2287 2660 2409 2719 for—

262 2745 408 2805 mavi
454 2746 797 2820 consilium,
845 2745 1211 2825 collectoque
1256 2746 1418 2807 cultu
1466 2763 1598 2806 meo
1641 2745 1730 2806 ire
1769 2754 1937 2806 extra
1980 2761 2172 2806 casam
2220 2744 2408 2823 coepi.

266 2830 515 2891 necdum
567 2850 979 2911 superaveram
1025 2831 1268 2894 cellulae
1309 2832 1524 2905 limen,
1582 2849 1717 2892 cum
1762 2831 2161 2892 animadverto
2209 2829 2410 2890 Oeno-

262 2916 455 2976 theam
501 2934 634 2977 cum
680 2926 833 2977 testo
879 2917 1034 2996 ignis
1076 2916 1255 2996 pleno
1295 2916 1655 2977 venientem.
1712 2916 1919 2978 reduxi
1949 2916 2131 2995 igitur
2160 2915 2407 2994 gradum

165 3006 219 3058 30
258 3002 636 3080 proiectaque
667 3011 847 3074 veste,
878 3012 1158 3081 tanquam
1188 3011 1557 3081 expectarem
1589 3010 1939 3074 morantem,
1970 3002 2031 3061 in
2064 3001 2225 3062 aditu
2254 3001 2407 3061 steti.

262 3086 564 3147 collocavit
607 3086 704 3147 illa
748 3087 947 3167 ignem
977 3087 1157 3148 cassis
1185 3086 1619 3148 harundinibus
1650 3086 1959 3148 collectum
1981 3132 1996 3160 ‚
2043 3085 2406 3164 ingestisque

258 3189 440 3251 super
468 3171 739 3251 pluribus
770 3172 946 3252 lignis
976 3189 1256 3233 excusare
1286 3172 1485 3251 coepit
1512 3189 1758 3246 moram,
1791 3171 1951 3250 quod
1981 3171 2165 3232 amica
2190 3188 2253 3230 se
2282 3188 2404 3230 non

258 3255 573 3318 dimisisset
604 3257 715 3318 nisi
746 3257 937 3319 tribus
965 3257 1313 3337 potionibus
1340 3276 1375 3317 e
1406 3257 1536 3337 lege
1566 3257 1817 3318 siccatis,
1875 3255 2053 3335 ‘quid'
2083 3272 2265 3334 porro
2298 3254 2399 3314 ‘tu'

260 3340 455 3420 inquit
484 3348 599 3402 ‘me
644 3342 889 3404 absente
935 3343 1155 3414 fecisti,
1199 3350 1301 3403 aut
1341 3342 1445 3403 ubi
1490 3350 1581 3403 est
1608 3339 1801 3402 fabar
1841 3359 1986 3421 ego,
2034 3340 2133 3418 qui
2166 3346 2407 3418 putave-

165 3431 217 3482 35
255 3444 378 3486 ram
411 3445 506 3487 me
534 3446 662 3487 rem
697 3427 865 3489 laude
896 3428 1072 3488 etiam
1102 3428 1337 3507 dignam
1369 3428 1609 3498 fecisse,
1643 3426 1853 3488 ordine
1883 3426 1979 3487 ille
2007 3433 2198 3485 totum
2228 3441 2408 3503 proe-

431 3631 454 3681 1
495 3628 718 3694 pondere
772 3630 875 3678 huc
920 3629 1224 3680 traductum
1259 3629 1471 3679 videtur
1504 3645 1574 3678 ex
1609 3631 1866 3678 commate
1891 3629 2081 3692 priore
2124 3624 2144 3691 Ι]
2186 3626 2216 3676 2
2253 3622 2405 3675 modo

258 3713 356 3748 om.
393 3697 440 3747 θ
485 3696 505 3765 ΙΙ
547 3699 577 3749 3
615 3702 769 3763 atque
808 3704 968 3748 totam
1006 3697 1185 3749 faciem
1216 3698 1272 3748 0.
1343 3712 1480 3760 quae
1506 3696 1843 3761 praecedunt
1874 3697 1934 3745 in
1973 3693 2014 3744 L
2049 3698 2278 3754 servata,
2316 3709 2408 3743 εω-

256 3771 470 3831 cer-plor
503 3766 706 3816 soloce-e
741 3765 936 3815 extulit
968 3765 986 3831 ΙΙ
1025 3768 1057 3817 4
1094 3765 1317 3832 perfudit
1352 3764 1426 3831 115
1465 3764 1568 3815 risu
1606 3778 1720 3814 meo
1757 3763 1896 3815 erexi
1931 3762 1976 3812 L
2019 3762 2039 3829 ΙΙ
2085 3766 2112 3814 7
2152 3760 2351 3813 cucurri
2385 3763 2403 3822 ss

256 3835 286 3885 9
318 3841 372 3885 et
409 3848 531 3886 eece
567 3847 774 3885 anseres
810 3834 938 3884 sacri
975 3835 1222 3900 impetum
1251 3832 1428 3899 01118
1454 3846 1754 3899 pennaeque
1791 3831 1997 3883 fluentis
2033 3835 2131 3881 aut
2164 3842 2406 3895 poenam-

255 3918 351 3968 que
387 3901 591 3954 lueutes
628 3902 874 3951 Heinsius
915 3901 935 3967 ΙΙ
982 3904 1043 3954 19
1080 3916 1291 3968 quarum
1343 3899 1522 3951 Phinei
1572 3899 1906 3952 Schrader-us
1947 3899 1967 3967 ΙΙ
2010 3901 2074 3951 22
2112 3897 2404 3949 devolutam

255 3969 499 4038 comeda
528 3971 593 4022 28
629 3969 965 4021 liberaveram
1009 3970 1029 4036 ΙΙ
1072 3972 1137 4022 33
1173 3969 1337 4020 tribus
1372 3968 1471 4019 nisi
1502 3969 1510 4036 Ι
1542 3973 1668 4019 ante
1702 3971 2035 4020 coniecerant
2068 3967 2193 4034 quid
2228 3979 2352 4016 vero
2387 3962 2411 4028 ΙΙ

255 4041 316 4091 34
348 4042 531 4105 potius
563 4037 807 4103 putabam
