2881 4580
420 282 502 349 72
1340 281 1646 335 Pssmouu

251 459 373 525 105
420 457 534 519 nisi
564 475 701 518 cum
731 456 939 536 pelago
972 465 1183 518 ventus
1211 455 1522 518 irascitur'.
1567 457 1885 518 excanduit
1904 456 2116 518 Lichas
2146 458 2261 518 hoc
2290 475 2570 520 sermone
2606 468 2655 520 L

421 541 694 605 turbatus
723 551 783 603 et
805 541 1000 603 ‘itane'
1024 541 1219 620 inquit
1240 541 1505 622 ‘capillos
1535 541 1745 620 aliquis
1773 543 1836 603 in
1868 560 2016 603 nave
2038 543 2342 623 praecidit,
2372 552 2432 604 et
2454 544 2571 605 hoc

423 637 598 689 nocte
627 624 1020 707 intempesta?
1059 628 1330 689 attrahite
1360 627 1528 688 ocius
1555 636 1843 689 nocentes
1872 628 1934 689 in
1966 628 2241 702 medium,
2273 638 2339 689 ut
2367 629 2571 701 sciam,

422 731 676 792 quorum
708 713 998 793 capitibus
1028 711 1237 773 debeat
1267 712 1560 792 navigium
1592 713 1865 775 lustrari'.
1926 713 2076 792 ‘ego'
2108 714 2303 792 inquit
2324 713 2572 775 Eumol-

421 817 536 878 pus
579 799 711 860 ‘hoc
754 799 916 860 iussi.
988 816 1101 858 nec
1143 798 1204 858 in
1251 797 1461 859 eodem
1503 799 1740 860 futurus
1783 799 2013 878 navigio
2057 799 2386 879 auspicium
2430 800 2576 860 mihi
2620 808 2651 858 5

423 884 563 957 feci,
594 884 698 945 sed
727 884 865 963 quia
896 890 1183 944 nocentes
1211 882 1485 944 horridos
1513 882 1842 963 longosque
1873 883 2172 945 habebant
2201 884 2461 964 capillos,
2495 904 2576 946 ne

419 969 650 1030 viderer
693 969 765 1030 de
810 986 954 1030 nave
999 986 1297 1029 carcerem
1340 969 1567 1040 facere,
1613 969 1756 1031 iussi
1783 970 2118 1048 squalorem
2147 968 2437 1031 damnatis
2466 989 2575 1033 au-

422 1054 594 1130 ferri3
624 1053 802 1115 simul
829 1064 897 1114 ut
926 1062 1101 1115 notae
1132 1072 1371 1132 quoque
1393 1054 1698 1115 literarum
1722 1073 1847 1115 non
1869 1054 2246 1116 adumbratae
2269 1073 2576 1116 comarum

423 1139 714 1219 praesidio
744 1148 901 1200 totae
930 1141 1000 1201 ad
1034 1139 1240 1201 oculos
1269 1140 1593 1219 legentium
1616 1139 1969 1201 acciderent.
2016 1141 2175 1201 inter
2196 1148 2390 1201 cetera
2413 1141 2570 1220 apud

423 1243 802 1287 communem
832 1225 1077 1286 amicam
1108 1233 1610 1304 consumpserunt
1639 1226 1955 1305 pecuniam
1984 1244 2205 1300 meam,
2237 1243 2270 1285 a
2300 1244 2415 1305 qua
2446 1226 2578 1287 illos
2625 1234 2685 1285 10

423 1310 689 1391 proxima
744 1319 921 1372 nocte
965 1310 1190 1371 extraxi
1249 1328 1414 1371 mero
1461 1311 1902 1390 unguentisque
1945 1312 2238 1392 perfusoS.
2294 1311 2367 1372 ad
2410 1330 2575 1373 sum-

424 1414 610 1471 mam,
642 1395 832 1456 adhuc
863 1396 1200 1476 patrimonii
1231 1396 1349 1456 mei
1378 1395 1655 1473 reliquias
1683 1396 1865 1458 olent'

1488 1501 1522 1538 *

595 1566 794 1645 itaque
822 1574 889 1626 ut
917 1566 1098 1626 tutela
1130 1565 1294 1626 navis
1324 1565 1693 1644 expiaretur,
1739 1565 1963 1644 placuit
1992 1567 2396 1646 quadragenas
2424 1566 2577 1626 utri-

426 1671 541 1729 que
587 1651 787 1732 plagas
829 1651 1075 1730 imponi.
1139 1650 1298 1711 nulla
1342 1668 1485 1731 ergo
1530 1652 1595 1711 fit
1639 1669 1833 1712 mora:
1879 1651 2304 1731 aggrediuntur
2340 1670 2451 1712 nos
2480 1652 2576 1711 fu-

424 1746 625 1798 rentes
651 1744 863 1798 nautae
885 1754 1021 1797 cum
1043 1735 1289 1797 funibus
1303 1743 1712 1816 temptantque
1734 1736 2012 1798 vilissimo
2026 1738 2316 1815 sanguine
2332 1736 2576 1798 tutelam
2623 1743 2685 1795 15

426 1823 677 1902 placare.
737 1830 797 1882 et
840 1839 950 1900 ego
996 1820 1234 1900 quidem
1267 1830 1389 1882 tres
1417 1821 1620 1901 plagas
1650 1822 1937 1901 Spartana
1969 1821 2274 1884 nobilitate
2304 1822 2574 1883 concoxi.

426 1915 692 1968 ceterum
723 1906 901 1967 Giton
934 1907 1116 1968 semel
1156 1906 1308 1967 ictus
1337 1915 1457 1967 tam
1487 1906 1651 1967 valde
1680 1907 2049 1979 exclamavit,
2095 1917 2163 1968 ut
2189 1908 2577 1988 Tryphaenae

425 2010 599 2054 aures
643 1991 946 2053 notissima
992 2010 1133 2053 voce
1177 1992 1453 2070 repleret.
1528 2011 1649 2053 non
1695 1992 1886 2053 solum
1921 2011 2018 2054 era
2049 1992 2280 2055 turbata
2310 2002 2427 2065 est,
2472 1991 2576 2053 sed

428 2078 674 2139 ancillae
717 2077 889 2138 etiam
937 2096 1145 2138 omnes
1183 2076 1451 2138 familiari
1482 2096 1633 2139 sono
1662 2077 1939 2139 inductae
1967 2077 2042 2139 ad
2069 2078 2441 2158 vapulantem
2471 2077 2575 2138 de-

427 2171 699 2225 currunt.
760 2163 873 2224 iam
914 2162 1092 2224 Giton
1139 2161 1389 2223 mirabili
1432 2163 1621 2223 forma
1669 2172 2066 2224 exarmaverat
2110 2171 2320 2225 nautas
2364 2181 2579 2241 coepe·
2624 2171 2682 2221 20

427 2259 638 2329 ratque
683 2249 856 2312 etiam
900 2248 1030 2310 sine
1073 2267 1215 2310 voce
1259 2247 1586 2311 saevientes
1625 2266 1868 2329 rogare,
1914 2267 2050 2310 cum
2081 2248 2327 2311 ancillae
2357 2249 2580 2330 pariter

427 2335 824 2415 proclamant:
882 2334 1077 2395 ‘Giton
1125 2345 1243 2407 est,
1289 2334 1503 2409 Giton,
1548 2333 1812 2395 inhibete
1858 2334 2291 2397 crudelissimas
2335 2353 2579 2410 manus;

429 2420 608 2482 Giton
653 2431 774 2493 est,
825 2420 1097 2492 domina,
1142 2419 1506 2481 succurre&
1554 2420 1810 2481 deflectit
1853 2438 2026 2482 aures
2069 2420 2418 2500 Tryphaena
2465 2421 2577 2480 iam

429 2524 536 2568 sua
594 2515 809 2585 sponte
869 2505 1179 2566 credentes
1222 2505 1557 2584 raptimque
1600 2505 1671 2565 ad
1715 2523 1967 2585 puerum
2012 2505 2260 2567 devolat.
2347 2505 2578 2576 Lichas,

429 2592 533 2671 qui
560 2609 656 2651 me
687 2590 908 2670 optime
939 2599 1200 2660 noverat,
1230 2599 1514 2668 tanquam
1544 2597 1604 2650 et
1631 2590 1760 2670 ipse
1787 2609 1994 2652 vocem
2018 2591 2295 2665 audisset,
2326 2591 2584 2652 accurrit
2626 2597 2684 2647 m

428 2686 489 2737 et
533 2694 646 2738 nec
689 2693 902 2736 manus
945 2692 1057 2735 nec
1101 2674 1309 2735 faciem
1353 2693 1543 2736 meam
1588 2676 2012 2750 consideravit,
2057 2676 2161 2737 sed
2191 2677 2478 2737 continuo
2510 2675 2579 2735 ad

431 2761 676 2840 inguina
705 2779 833 2821 mea
863 2758 1187 2821 luminibus
1216 2760 1455 2821 deflexis
1484 2761 1667 2822 movit
1695 2762 2016 2823 officiosam
2040 2780 2283 2823 manum
2308 2771 2368 2822 et
2389 2760 2579 2823 ‘salve'

431 2845 628 2924 inquit
671 2844 980 2925 ‘Encolpi'.
1068 2844 1317 2905 miretur
1380 2864 1546 2907 nunc
1603 2846 1814 2925 aliquis
1857 2847 2038 2908 Vlixis
2096 2848 2390 2909 nutricem
2447 2854 2584 2926 post

432 2930 772 2992 vicesimum
816 2947 1040 2991 annum
1087 2929 1423 2992 cicatricem
1466 2931 1762 2993 invenisse
1806 2932 2054 3012 originis
2097 2932 2384 3006 indicem,
2445 2950 2582 2992 cum

432 3016 612 3077 homo
655 3014 1150 3096 prudentissimus
1195 3017 1458 3078 confusis
1503 3016 1781 3078 omnibus
1826 3017 2094 3097 corporis
2129 3018 2367 3096 orisque
2396 3017 2584 3078 linea·
2628 3026 2690 3076 30

434 3101 652 3162 mentis
710 3100 782 3161 ad
828 3100 1068 3161 unicum
1113 3101 1337 3179 fugitivi
1382 3111 1797 3181 argumentum
1840 3110 1959 3163 tam
2006 3103 2178 3164 docte
2222 3103 2582 3183 pervenerit.

434 3186 783 3267 Tryphaena
827 3185 1096 3248 lacrimas
1141 3186 1345 3247 effudit
1374 3186 1619 3265 decepta
1648 3187 1941 3267 supplicio
1970 3222 2054 3233 —
2081 3206 2219 3249 vera
2248 3188 2409 3249 enim
2438 3188 2583 3267 stig-

434 3281 589 3333 mata
646 3270 926 3333 credebat
968 3271 1333 3351 captivorum
1378 3272 1677 3334 frontibus
1721 3272 2006 3353 impressa
2050 3307 2135 3317 —-
2177 3274 2584 3351 sciscitarique

433 3356 782 3420 submissius
826 3356 1057 3437 coepit,
1102 3357 1259 3435 quod
1307 3357 1667 3436 ergastulum
1698 3359 2110 3438 intercepisset
2139 3367 2438 3433 errantes,
2483 3366 2587 3418 aut

434 3442 602 3504 cuius
631 3453 749 3504 tam
780 3442 1050 3504 crudeles
1074 3460 1283 3503 manus
1306 3442 1365 3501 in
1390 3442 1506 3503 hoc
1540 3442 1894 3523 supplicium
1927 3443 2256 3505 durassent.
2300 3444 2587 3505 meruisse
2631 3451 2690 3501 35

435 3528 671 3607 quidem
717 3527 1135 3589 contumeliam
1179 3527 1432 3605 aliquam
1477 3528 1779 3605 fugitivos,
1828 3529 2043 3606 quibus
2087 3529 2148 3589 in
2194 3528 2394 3591 odium
2424 3527 2583 3590 bona

428 3630 533 3675 sua
559 3612 860 3674 venissent

265 3698 386 3761 106
436 3698 768 3759 concitatus
823 3698 1126 3760 iracundia
1169 3696 1424 3777 prosiliit
1465 3695 1677 3758 Lichas
1720 3706 1780 3758 et
1823 3702 1877 3759 ‘o
1923 3698 2002 3759 te’
2047 3699 2243 3777 inquit
2286 3699 2583 3759 ‘feminam

433 3781 796 3861 simplicem,
857 3792 1137 3861 tanquam
1180 3782 1422 3843 vulnera
1467 3782 1627 3843 ferro
1671 3792 2016 3863 praeparata
2061 3784 2260 3846 literas
2303 3783 2583 3845 biberint.

435 3867 663 3929 utinam
702 3867 935 3946 quidem
968 3867 1076 3927 hac
1105 3886 1168 3928 se
1199 3867 1586 3946 inscriptione
1618 3867 1831 3929 frontis
1861 3869 2284 3931 maculassent:
2329 3867 2580 3930 habere·
2631 3878 2691 3931 40

608 4003 638 4051 5
676 4014 770 4051 nec
795 4015 897 4052 non
922 3977 1102 4051 eodem
1130 4000 1148 4066 {1
1172 4001 1203 4051 8
1227 3997 1460 4060 fortasse
1485 3999 1817 4053 obumbratae
1856 4003 1874 4066 ΙΙ
1913 4004 1975 4055 18
2013 4002 2180 4054 solum
2209 4016 2331 4068 ergo
2356 3999 2376 4069 Ι
2402 4002 2466 4052 30
2492 4000 2587 4051 im-

436 4066 863 4135 prudentissimae
901 4067 1197 4133 Scioppius,
1233 4068 1632 4134 pudentissimus
1657 4069 1841 4120 Dousa
1871 4069 1881 4136 Ι
1913 4071 2141 4137 corporis
2177 4070 2585 4135 iudiciorumque
