2881 4580
1175 323 1552 377 MENIPPEAE
2309 324 2393 385 ’21
2404 327 2439 386 9

1283 497 1335 557 11

502 583 673 643 venio
720 600 883 644 nunc
926 582 998 643 ad
1042 582 1288 644 alterum
1344 501 1534 661 getius
1587 585 1954 659 testamenti,
2017 587 2174 665 quod
2229 587 2443 649 dicitur
2487 596 2572 647 541

291 668 600 749 physicon,
633 668 694 728 in
731 687 848 747 quo
880 667 1088 729 Graeci
1118 667 1395 730 helliores
1428 687 1603 748 quam
1637 669 1888 731 Romani
1921 672 2109 732 nostri

504 890 535 932 e
568 890 695 932 mea
733 869 1174 957 Φιλοφθονίᾳ
1207 873 1391 943 natiS,
1439 891 1590 951 quos
1619 872 1930 953 Menippea
1965 874 2223 936 haeresis
2256 876 2445 938 nutri·
2490 887 2576 940 542

291 966 415 1018 cata
459 967 579 1032 est,
623 966 853 1020 tutores
895 957 970 1017 do
1017 957 1139 1035 ‘qui
1194 976 1317 1018 rem
1363 958 1689 1019 Romanam
1730 959 2080 1038 Latiumque
2124 977 2441 1039 augescere

296 1042 491 1105 vultis'
1131 1046 1147 1065 '

1254 1126 1363 1187 1111
1392 1129 1482 1204 (4)

501 1213 549 1273 si
595 1212 726 1290 quis
773 1211 915 1272 mihi
961 1211 1115 1272 filius
1158 1230 1315 1273 unus
1345 1212 1616 1292 pluresve
1646 1213 1708 1273 in
1743 1212 1949 1275 decem
1979 1214 2281 1277 mensibus
2311 1217 2440 1295 gig·
2489 1228 2574 1279 543

291 1307 541 1370 uantur,
584 1297 625 1357 ii
663 1297 712 1358 si
755 1307 931 1359 erunt
975 1288 1121 1360 ὄνοι
1152 1292 1381 1381 λύρας,
1414 1297 1737 1360 exheredes
1780 1309 1978 1368 sunto.
2041 1301 2197 1378 quod
2230 1301 2279 1362 si
2311 1303 2443 1380 quis

289 1382 602 1444 undecimo
635 1401 840 1444 mense
863 1377 1030 1445 κατὰ
1052 1372 1524 1469 Ἀριστοτέλην
1559 1393 1730 1445 natus
1762 1392 1867 1458 est,
1885 1384 2064 1446 Accio
2096 1385 2250 1446 idem
2284 1387 2442 1465 quod

296 1467 451 1529 Titio
483 1468 575 1529 ius
608 1478 733 1530 esto
763 1467 917 1547 apud
951 1486 1045 1528 me

1192 1632 1523 1685 TITHONVS

1159 1722 1319 1789 περὶ
1352 1716 1570 1789 γήρως

1290 1807 1314 1866 Ι
1345 1808 1430 1885 (1)

695 1896 811 1969 qua
843 1892 1136 1972 voluptate
1165 1893 1425 1954 aevitatis
1458 1893 1729 1955 extimam
1762 1895 1955 1974 attigit
1984 1907 2196 1956 metam
2489 1910 2574 1959 544

696 2097 870 2157 quam
902 2077 1214 2157 dereliquit
1245 1994 1629 2160 nilliliizgupida
1659 2081 1947 2143 invenitas
2275 2123 2280 2127 -
2487 2096 2576 2146 545

693 2270 760 2327 ao
790 2283 1100 2328 mammam
1132 2180 1636 2346 lactisssssnigientem
1672 2286 1913 2348 pascere
1947 2287 2176 2349 pupum
2488 2281 2577 2335 546

1256 2385 1364 2446 llll
1397 2387 1486 2462 (4)

294 2556 332 2617 li
420 2558 431 2569 ι
498 2472 583 2532 sio
629 2471 866 2532 invitata
908 2488 937 2529 a
972 2480 1182 2532 natura
1214 2471 1406 2531 anima
1439 2489 1799 2551 corporeum
1830 2472 2111 2534 corticem
2144 2475 2313 2537 facile
2346 2493 2441 2537 re-
2487 2489 2573 2538 547

337 2569 461 2636 quit
1276 2639 1318 2698 v
1353 2641 1439 2720 (5)

498 2726 602 2788 risi
631 2727 902 2801 multum,
933 2727 1046 2787 lusi
1079 2726 1306 2786 modice
1376 2792 1383 2796 ,
2482 2739 2568 2792 548

842 2914 949 2967 TO
987 2915 1113 2966 Em
1149 2915 1289 2966 ΤΗΙ
1325 2913 1590 2966 ΦΑΚΗῙ
1624 2914 1897 2967 MYPON

1095 3010 1633 3083 περὶ,εὖκαιρίας

695 3221 805 3262 nec
835 3118 1315 3265 miiltunummus¹
1337 3121 1517 3283 piguis
1548 3222 1620 3264 ex
1650 3203 1772 3263 salo
1805 3212 2011 3281 captus
2485 3218 2573 3270 549

287 3356 420 3404 laris
452 3355 513 3403 in
530 3351 740 3414 Adoni8‚
776 3356 944 3404 ionici
978 3369 1011 3402 a
1045 3357 1247 3404 maiore
1281 3353 1412 3414 fient
1449 3354 1737 3419 cominatu
1765 3356 1857 3405 541
1882 3351 1950 3406 Ν.
1964 3368 2023 3418 Ρ.
2043 3356 2106 3404 ’Π
2147 3350 2385 3404 belliores
2423 3352 2431 3419 Ι

283 3422 347 3473 ad
383 3421 668 3474 adulterum
705 3436 866 3486 genus
915 3421 1043 3471 libra·
1092 3419 1208 3481 fere
1262 3438 1438 3472 omnes
1478 3421 1497 3488 ΙΙ
1542 3424 1641 3474 542
1677 3420 1744 3472 Ν.
1777 3438 1832 3485 p.
1858 3423 1956 3474 478
2012 3421 2311 3472 nutricatur.
2382 3423 2442 3470 in

279 3505 481 3610 {saeco
519 3491 678 3541 titulo
715 3485 983 3554 διαθήκης
1012 3489 1021 3557 Ι
1052 3490 1289 3557 menippe
1326 3490 1522 3542 heresis
1557 3487 1805 3557 (Menippi
1831 3491 2049 3554 Popma)
2075 3488 2095 3556 [Ι
2119 3490 2217 3540 543
2242 3487 2443 3540 Gellius

446 3596 557 3678 '544
592 3624 800 3676 Nonius
830 3640 882 3690 p.
928 3628 1022 3678 193
1059 3626 1254 3677 aevitas
1289 3624 1308 3693 ΙΙ
1346 3629 1446 3679 545
1481 3624 1549 3678 Ν.
1583 3642 1636 3690 p.
1682 3627 1774 3677 123
1812 3624 2106 3676 iuvenilitas
2158 3628 2209 3674 el
2245 3640 2303 3690 p.
2341 3624 2439 3677 433

282 3694 521 3746 iuventus
561 3699 614 3745 et
648 3695 853 3745 iuventa
893 3701 945 3744 et
980 3694 1291 3746 iuvenilitas.
1341 3698 1469 3744 item
1504 3697 1563 3744 in
1591 3693 1954 3745 Varronianis
1978 3691 2271 3744 iuvenilitas
2300 3693 2443 3755 libri,

283 3766 383 3813 etsi
416 3766 474 3813 in
512 3762 762 3812 Leidensi
790 3778 844 3827 p.
886 3763 982 3813 123
1011 3764 1192 3828 primo
1217 3766 1481 3827 scriptum
1509 3767 1627 3813 erat
1649 3762 1904 3813 invenitus
1935 3764 1943 3825 Ι
1975 3760 2284 3826 derelinquit
2310 3762 2469 3814 liber.

284 3834 515 3897 optimus
540 3846 599 3896 p.
636 3829 779 3897 43311
807 3832 906 3893 546
943 3829 1009 3881 Ν.
1040 3846 1094 3895 p.
1140 3834 1233 3883 156
1271 3832 1390 3897 pupi
1418 3830 1438 3896 ΙΙ
1467 3833 1563 3882 547
1601 3829 1671 3881 Ν.
1699 3846 1756 3895 p.
1800 3831 1894 3881 199
1931 3834 2106 3881 cortex
2137 3831 2144 3895 Ι
2176 3828 2442 3879 invitatam

169 3924 172 3928 “
282 3904 478 3953 matura
531 3902 539 3959 1
588 3897 714 3949 relin
754 3899 830 3949 uit
864 3898 1116 3948 nonnulli
1158 3899 1287 3949 libri
1328 3900 1348 3965 ΙΙ
1394 3900 1493 3951 548
1529 3895 1596 3950 Ν.
1629 3914 1683 3964 p.
1722 3899 1819 3950 343
1865 3897 2139 3949 modicum.
2210 3895 2442 3957 fortasse

283 3970 563 4033 anapaesti
592 3967 600 4030 Ι
632 3982 714 4016 mo
752 3965 828 4018 ice
854 3967 1016 4017 ambis
1034 3966 1281 4032 plerique
1307 3968 1436 4018 libri
1463 3967 1602 4017 unde
1629 3966 1794 4016 amavi
1821 3966 2117 4028 effeceram,
2152 3966 2245 4016 sed
2278 3965 2443 4016 ambis

286 4039 483 4088 omittit
517 4037 764 4099 optimus,
800 4034 940 4084 alius
971 4039 1096 4100 post
1128 4038 1410 4100 insequens
1447 4034 1674 4086 Sallusti
1708 4048 1900 4084 nomen
1937 4035 2123 4084 traicit

458 4106 556 4156 549
593 4099 662 4154 Ν.
694 4118 750 4167 p.
789 4104 887 4155 216
929 4108 1114 4154 ostrea.
1184 4107 1242 4153 in
1279 4105 1438 4155 titulo
1476 4106 1601 4173 περὶ
1637 4116 1900 4168 evae-necas
