2881 4580
414 213 493 271 50
1338 207 1643 262 PETRONII

414 384 632 465 spargi.
693 383 872 444 immo
919 381 1164 444 anulum
1208 382 1438 443 traiecit
1484 382 1545 442 in
1581 381 1878 442 dexteram
1912 399 2154 442 manum
2186 390 2246 442 et
2275 385 2420 442 ‘non
2453 380 2587 442 sine
2611 390 2669 439 H

415 469 620 531 causa’
664 469 862 548 inquit
907 467 1036 529 ‘hic
1081 467 1339 529 bucinus
1382 467 1622 546 signum
1666 466 1856 543 dedit;
1916 485 2052 527 nam
2100 478 2200 528 aut
2241 466 2587 528 incendium

417 563 657 634 oportet
698 555 830 628 fiat,
874 561 977 614 aut
1017 553 1227 632 aliquis
1271 553 1332 613 in
1377 552 1589 613 vicinia
1621 551 1875 613 animam
1906 552 2137 613 abiciet.
2196 552 2375 632 longe
2406 570 2439 612 a
2473 570 2585 611 no-

416 638 528 701 bis.
594 639 794 718 itaque
839 638 1106 718 quisquis
1149 638 1314 700 hunc
1358 637 1611 699 indicem
1658 637 1947 712 attulerit,
2005 638 2382 698 corollarium
2428 636 2586 697 acci-

416 724 575 806 piet'.
635 724 792 786 dicto
839 723 1012 785 citius
1053 725 1127 784 de
1154 723 1368 784 vicinia
1399 721 1587 802 gallus
1616 723 1826 784 allatus
1860 731 1980 796 est,
2028 741 2206 801 quem
2231 722 2589 784 Trimalchio
2635 729 2665 778 5

420 810 598 874 occidi
638 809 833 884 iussit,
881 818 946 870 ut
989 828 1140 869 aeno
1185 816 1391 870 coctus
1427 809 1615 870 fieret.
1675 809 1963 869 laceratus
1994 807 2178 887 igitur
2204 808 2277 868 ab
2310 808 2410 868 illo
2442 807 2589 868 doc-

418 895 645 957 tissimo
676 913 822 956 coco
842 940 858 969 ,
905 894 1004 974 qui
1037 893 1213 974 paulo
1244 903 1383 954 ante
1414 893 1488 954 de
1518 912 1701 972 porco
1732 912 1867 954 aves
1897 893 2209 973 piscesque
2240 895 2487 966 fecerat,
2521 893 2586 953 in

420 981 737 1042 caccabum
794 991 886 1042 est
940 979 1264 1040 coniectus.
1353 980 1614 1057 dumque
1658 979 1948 1040 Daedalus
1996 979 2302 1058 potionem
2348 980 2590 1039 ferven-

419 1065 700 1127 tissimam
732 1065 944 1138 haurit,
977 1064 1301 1125 Fortunata
1330 1064 1484 1125 mola
1517 1064 1706 1125 buxea
1738 1064 1912 1143 piper
1941 1064 2119 1125 trivit.

596 1152 848 1230 sumptis
907 1149 1087 1229 igitur
1137 1150 1370 1211 matteis
1425 1149 1751 1229 respiciens
1801 1148 1871 1209 ad
1917 1149 2191 1210 familiam
2236 1147 2593 1209 Trimalchio
2640 1156 2698 1206 10

422 1235 585 1315 ‘quid
629 1235 752 1297 vos’
796 1236 991 1314 inquit
1034 1235 1245 1296 ‘adhuc
1291 1254 1413 1296 non
1449 1232 1746 1296 cenastis?
1790 1234 1978 1308 abite,
2024 1243 2092 1295 ut
2120 1234 2217 1295 alii
2247 1233 2490 1294 veniant
2517 1234 2586 1293 ad

422 1320 725 1382 officium’.
784 1320 966 1383 subiit
1008 1320 1189 1401 igitur
1227 1320 1337 1382 alia
1383 1320 1613 1394 classis,
1661 1329 1720 1380 et
1764 1319 1845 1380 illi
1892 1320 2131 1398 quidem
2160 1319 2587 1380 exclamavere:

424 1407 569 1468 ‘vale
615 1406 721 1467 Gai
737 1406 770 1480 ’,
816 1407 874 1467 hi
922 1415 1149 1467 autem:
1197 1410 1333 1467 ‘ave
1376 1405 1482 1466 Gai
1501 1405 1534 1467 '.
1594 1406 1734 1466 hinc
1778 1404 2034 1485 primum
2079 1405 2342 1467 hilaritas
2387 1412 2591 1465 nostra

422 1492 655 1553 turbata
699 1501 818 1566 est;
864 1510 998 1553 nam
1045 1510 1180 1554 cum
1225 1510 1376 1571 puer
1408 1510 1531 1552 non
1564 1490 1934 1569 inspeciosus
1963 1490 2122 1551 inter
2153 1509 2338 1551 novos
2366 1489 2589 1551 intras-

423 1587 515 1639 set
556 1577 892 1650 ministros,
939 1576 1151 1638 invasit
1194 1596 1328 1639 eum
1363 1576 1722 1637 Trimalchio
1754 1586 1814 1637 et
1843 1576 2096 1637 osculari
2125 1576 2345 1636 diutius
2375 1573 2589 1653 coepit.
2637 1582 2693 1632 15

423 1663 622 1742 itaque
651 1662 1010 1735 Fortunata,
1058 1671 1124 1722 ut
1168 1681 1239 1722 ex
1270 1680 1461 1740 aequo
1491 1662 1584 1722 ius
1613 1663 1850 1722 firmum
1884 1659 2273 1742 approbaret,
2318 1661 2469 1722 male
2500 1659 2590 1719 di-

425 1766 562 1809 cere
591 1746 1016 1808 Trimalchioni
1061 1747 1258 1826 coepit
1288 1756 1347 1807 et
1376 1756 1832 1827 purgamentum
1879 1748 2253 1826 dedecusque
2284 1745 2589 1825 praedica-

424 1851 526 1905 re,
574 1833 676 1911 qui
720 1851 841 1892 non
890 1832 1227 1893 contineret
1269 1831 1574 1893 libidinem
1616 1850 1801 1894 suam.
1873 1832 2080 1893 ultimo
2128 1832 2299 1892 etiam
2347 1831 2589 1891 adiecit:

425 1917 651 1978 ‘canis'.
710 1916 1065 1978 Trimalchio
1110 1926 1317 1979 contra
1363 1918 1627 1978 offensus
1672 1917 1940 1978 convicio
1986 1917 2227 1979 calicem
2272 1917 2334 1977 in
2380 1915 2586 1978 faciem

429 2001 785 2063 Fortunatae
828 2002 1086 2064 immisit.
1146 2003 1242 2063 illa
1287 2012 1567 2081 tanquam
1606 2003 1843 2064 oculum
1874 2002 2256 2082 perdidisset,
2305 2002 2592 2062 exclama·
2642 2011 2698 2066 20

425 2088 506 2148 vit
549 2106 880 2167 manusque
923 2097 1251 2149 trementes
1294 2089 1364 2148 ad
1409 2088 1617 2149 faciem
1663 2107 1828 2149 suam
1872 2088 2145 2149 admovit.
2211 2096 2592 2149 consternata

429 2181 517 2234 est
561 2173 736 2234 etiam
782 2173 1045 2234 Scintilla
1090 2174 1606 2253 trepidantemque
1652 2173 1788 2235 sinu
1833 2193 1940 2235 suo
1989 2174 2151 2234 texit.
2218 2173 2398 2235 immo
2444 2189 2597 2252 puer

429 2277 671 2339 quoque
727 2259 1027 2321 officiosus
1088 2260 1392 2321 urceolum
1446 2258 1722 2338 frigidum
1779 2259 1852 2320 ad
1899 2259 2105 2320 malam
2151 2258 2278 2321 eius
2323 2258 2596 2329 admovit,

430 2364 610 2425 super
641 2364 817 2424 quem
850 2344 1208 2407 incumbens
1231 2345 1553 2406 Fortunata
1585 2364 1821 2426 gemere
1851 2364 1920 2406 ac
1949 2345 2092 2406 flere
2124 2345 2339 2426 coepit.
2391 2354 2600 2406 contra

432 2430 788 2491 Trimalchio
820 2431 982 2511 ‘quid
1016 2431 1173 2491 enim
1190 2429 1239 2491 ‘2’
1288 2431 1487 2509 inquit
1516 2429 1845 2492 ‘ambubaia
1893 2450 2016 2492 non
2048 2431 2349 2505 meminit,
2396 2430 2497 2492 sed
2530 2429 2602 2490 de
2647 2439 2704 2488 25

432 2515 699 2576 machina
747 2515 903 2577 illam
948 2516 1188 2589 sustuli,
1235 2516 1539 2577 hominem
1568 2517 1727 2577 inter
1753 2516 2027 2577 homines
2056 2516 2191 2578 feci.
2252 2524 2311 2576 at
2340 2516 2509 2576 inflat
2537 2533 2601 2576 se

432 2610 712 2679 tanquam
746 2619 920 2673 rana,
954 2610 1013 2661 et
1042 2601 1103 2660 in
1137 2600 1332 2661 sinum
1363 2619 1537 2662 suum
1572 2621 1693 2662 non
1727 2602 1921 2682 spuit,
1954 2603 2175 2674 codex,
2213 2620 2336 2662 non
2369 2600 2599 2661 mulier.

432 2685 533 2746 sed
565 2685 690 2759 hic,
737 2686 838 2764 qui
872 2687 933 2746 in
969 2685 1211 2765 pergula
1246 2694 1418 2747 natus
1451 2695 1568 2760 est,
1613 2686 1788 2747 aedes
1819 2706 1945 2748 non
1978 2687 2325 2749 somniatur.
2387 2687 2467 2747 ita
2496 2703 2601 2764 ge-

433 2771 598 2830 nium
644 2789 840 2837 meum
886 2770 1211 2850 propitium
1257 2770 1533 2845 habeam,
1581 2772 1834 2845 curab0,
1880 2774 2110 2834 domata
2155 2773 2231 2834 sit
2274 2772 2599 2834 Cassandra

433 2855 723 2934 caligaria.
784 2864 843 2915 et
872 2874 1014 2935 ego,
1045 2855 1223 2916 homo
1254 2856 1683 2936 dipundiarius‚
1714 2858 2049 2919 sestertium
2076 2858 2301 2919 centies
2331 2857 2603 2935 accipere
2646 2864 2703 2913 30

431 2939 619 3020 potui.
700 2939 817 3001 scis
859 2949 923 3002 tu
970 2959 1063 3002 me
1109 2960 1233 3002 non
1287 2942 1548 3003 mentiri.
1622 2943 1885 3023 Agatho,
1943 2943 2377 3021 unguentarius
2422 2943 2600 3003 herae

433 3024 766 3106 proximae,
811 3026 1043 3088 seduxit
1085 3045 1178 3087 me
1224 3035 1285 3088 et
1327 3027 1636 3089 “suadeo'’
1679 3028 1873 3107 inquit
1904 3033 2079 3090 “non
2125 3029 2364 3109 patiaris
2409 3045 2602 3107 genus

432 3120 603 3172 tuum
646 3110 893 3173 interire
909 3110 960 3173 ''.
1022 3122 1081 3174 at
1124 3130 1235 3192 ego
1279 3112 1420 3173 dum
1467 3112 1723 3175 bonatus
1767 3133 1877 3193 ago
1922 3124 1983 3175 et
2025 3115 2166 3175 nolo
2212 3113 2395 3174 videri
2435 3111 2601 3186 levis„

433 3198 560 3277 ipse
605 3197 749 3258 mihi
795 3198 1008 3259 asciam
1053 3198 1115 3258 in
1162 3216 1302 3259 crus
1330 3198 1570 3278 impegi.
1632 3208 1821 3274 recte,
1869 3199 2123 3273 curabo,
2167 3218 2263 3260 me
2296 3198 2602 3279 unguibus

434 3301 700 3361 quaeras.
789 3293 849 3344 et
891 3291 957 3344 ut
999 3283 1543 3364 depraesentiarum
1607 3284 1930 3364 intelligaS,
1988 3286 2129 3364 quid
2191 3284 2301 3346 tibi
2357 3284 2600 3345 feceris:
2647 3290 2703 3340 35

435 3368 742 3441 Habinna,
774 3369 935 3442 nolo,
967 3377 1217 3430 statuam
1249 3369 1376 3431 eius
1404 3369 1466 3430 in
1499 3379 1890 3432 monumento
1921 3389 2057 3432 meo
2090 3389 2295 3452 ponaS‚
2328 3389 2405 3431 ne
2437 3387 2601 3429 mor-

433 3463 572 3514 tuus
604 3453 840 3533 quidem
871 3454 1002 3515 lites
1030 3454 1295 3514 habeam.
1356 3454 1559 3529 immo,
1591 3465 1657 3517 ut
1684 3456 1833 3517 sciat
1857 3475 1953 3518 me
1982 3476 2158 3537 posse
2187 3456 2407 3517 malum
2437 3456 2602 3528 dare,

439 3539 597 3612 nolo,
629 3557 723 3598 me
754 3551 1053 3599 mortuum
1083 3538 1306 3601 basiet’.

339 3625 418 3685 75
609 3632 746 3702 post
787 3623 902 3684 hoc
948 3625 1169 3685 fulmen
1201 3623 1510 3686 Habinnas
1541 3643 1751 3703 rogare
1782 3625 2010 3705 coepit,
2056 3635 2123 3686 ut
2151 3625 2265 3687 iam
2300 3625 2603 3687 desineret

438 3707 612 3768 irasci
655 3716 715 3768 et
754 3705 762 3789 Ι
803 3710 1022 3769 ‘nemo’
1052 3710 1246 3789 inquit
1276 3714 1565 3771 ‘nostrum
1612 3730 1734 3771 non
1783 3720 2006 3791 peccat.
2066 3711 2338 3773 homines
2372 3728 2600 3784 sumus,
2644 3714 2804 3767 40111.

614 3894 673 3943 17
708 3891 1111 3944 trimalchionem
1148 3892 1260 3963 {124
1294 3910 1447 3960 quam
1485 3896 1732 3948 Heinsius
1771 3894 1791 3963 ΙΙ
1837 3897 1900 3949 25
1938 3910 2019 3948 me
2054 3895 2196 3947 misit
2230 3893 2352 3947 sede
2387 3892 2602 3946 machil-

438 3956 541 4010 lam
576 3959 714 4011 illam
741 3960 760 4028 ΙΙ
790 3963 850 4012 27
889 3962 1170 4028 conspuitfl
1200 3964 1263 4014 29
1301 3963 1345 4014 si
