2881 4580
433 268 556 329 202
1332 271 1658 325 VARRONlS

1157 441 1414 495 PAPPVS
1452 441 1584 494 AVT
1622 441 1865 495 INDEX*

301 556 392 607 384
650 546 1012 608 nasturcium
1063 565 1269 608 nonne
1309 546 1471 608 vides
1513 546 1645 607 ideo
1692 547 1806 608 dici
1851 548 2008 627 quod
2055 564 2262 610 nasum
2293 556 2593 627 torqueat,

436 642 499 693 ut
529 631 898 711 vestispicam
930 631 1089 711 quod
1117 641 1338 694 vestem
1369 629 1620 713 spiciat?

1347 848 1664 903 panunno

1448 953 1474 1013 Ι
1506 957 1592 1034 (¹)

302 1066 390 1117 385
843 1056 1130 1137 lepusculi
1161 1056 1422 1117 timentis
1452 1055 1567 1118 hoc
1597 1057 2071 1137 quadrangulum

842 1142 1001 1202 dedit
1030 1141 1212 1202 Diana
1244 1149 1370 1202 rete
1403 1141 1613 1213 nexile,
1647 1135 1908 1224 ἄρκυας,

843 1227 1064 1287 viscum
1095 1227 1365 1305 fugarum
1397 1226 1731 1307 lineamque
1761 1230 2106 1310 compedem

1426 1346 1479 1406 11
1513 1348 1600 1426 (2)

303 1460 390 1512 386
843 1450 1084 1508 exeunti
1114 1457 1410 1526 strepunt,
1443 1451 1685 1509 exeunti
1715 1448 1906 1510 bount

1415 1565 1494 1626 111
1529 1568 1617 1646 (4)

312 1680 398 1732 887
848 1669 878 1727 e'
908 1686 1047 1729 cavo
1079 1669 1244 1728 sente
1277 1676 1341 1727 ut
1369 1671 1546 1727 umer
1575 1668 1782 1747 rigavit
1810 1680 2007 1730 cavata

845 1754 1070 1813 aurium
1104 1752 1364 1813 anfracta
1394 1752 1456 1812 in
1488 1752 1687 1814 silvam
1716 1772 1932 1816 vocans

1396 1869 1503 1930 1111
1532 1872 1621 1948 (5)

306 1986 393 2038 388
1503 1972 1652 2034 alius
1683 1972 1974 2036 caballum
2004 1974 2200 2037 arbori

845 2060 1007 2117 ramo
1039 2055 1099 2116 in
1134 2056 1338 2117 bumili
1369 2057 1667 2136 alligatum
1699 2058 1982 2138 relinquit

1429 2176 1474 2235 V
1506 2178 1592 2253 (6)

288 2276 393 2328 ,389
1963 2264 2163 2327 ferens

846 2346 1091 2408 ferream
1127 2353 1329 2408 umere
1360 2346 1679 2428 bipennem
1710 2354 1978 2411 securem

302 2583 397 2634 390
846 2567 1111 2628 caeditur
1139 2567 1292 2630 letos
1320 2466 1608 2641 ahglaltga)
1632 2570 1755 2631 fros
1784 2569 2001 2632 decidit

843 2651 1110 2727 Palladis,
1140 2653 1398 2733 platanu'
1430 2657 1606 2715 ramis

1400 2772 1503 2833 vll
1533 2769 1627 2852 (9)

309 2889 393 2941 391
846 2872 955 2932 alia
984 2882 1146 2952 traps
1178 2874 1382 2952 prenis
1411 2875 1471 2934 in
1505 2875 1746 2936 bumum
1778 2873 2053 2936 accidens
2082 2882 2404 2955 prexumae

842 2958 1060 3037 frangit
1087 2975 1283 3019 ramos
1313 2959 1529 3020 cadens

1384 3076 1487 3138 Vll

303 3189 392 3241 392
840 3177 975 3238 aliu'
1007 3186 1273 3239 teneram
1306 3078 1738 3243 abietelrrigfilu'
1769 3181 2036 3261 percellit

602 3364 702 3415 384
739 3362 802 3416 Ν.
830 3378 888 3428 p.
929 3364 991 3417 12
1027 3363 1308 3429 vestispiei.
1381 3363 1540 3418 Varro
1576 3363 1754 3433 Pappo
1804 3370 1892 3418 aut
1938 3366 2112 3433 indige
2156 3365 2472 3418 nasturcium
2508 3367 2587 3418 in·

432 3430 549 3498 dige
585 3446 687 3483 non
710 3431 925 3550 ‘invides
962 3431 1014 3483 in
1051 3445 1114 3483 eo
1150 3432 1291 3483 unde
1315 3430 1496 3498 Pappo
1533 3438 1622 3485 aut
1656 3433 1893 3501 indigena
1919 3434 2169 3486 oehlerus
2197 3433 2206 3500 Ι
2238 3437 2295 3485 ut
2331 3437 2589 3486 omittunt

469 3500 571 3550 leri
606 3515 673 3550 ue
726 3502 836 3551 ibri

428 3516 464 3566 p
572 3516 702 3620 ‘1385
740 3566 806 3621 Ν.
833 3583 893 3635 p.
930 3569 993 3621 28
1049 3567 1321 3635 compedes
1375 3572 1427 3617 et
1475 3585 1529 3634 p.
1565 3571 1659 3622 451
1701 3571 1898 3622 viscum
1947 3571 1956 3634 Ι
2005 3569 2177 3636 fugam
2218 3586 2273 3635 p.
2312 3571 2395 3634 28,
2432 3570 2586 3637 fugae

431 3651 484 3701 p.
522 3638 617 3688 451
653 3638 661 3699 1
693 3634 1034 3703 compedamss
1062 3637 1163 3689 386
1185 3635 1252 3687 Ν.
1275 3652 1329 3702 p.
1363 3639 1428 3689 79
1464 3636 1626 3688 bount
1654 3635 1664 3704 Ι
1696 3644 1883 3690 exeunt
1918 3637 2034 3690 citis
2067 3638 2172 3702 (vel
2205 3637 2313 3701 citi)
2350 3642 2589 3705 strepunt

435 3708 622 3754 exeunt
658 3704 834 3756 bount.
893 3708 1100 3755 ineerta
1135 3705 1340 3754 seilicet
1371 3705 1671 3757 emendatio
1698 3704 1718 3772 ΙΙ
1743 3708 1840 3759 387
1878 3705 1945 3757 N.
1957 3722 2015 3772 p.
2039 3708 2135 3759 193
2173 3705 2474 3759 anfractum.
2527 3709 2588 3758 in

434 3773 773 3822 tetrametroe
806 3772 1056 3837 discripsi
1090 3775 1345 3825 creticum
1379 3777 1609 3839 systema
1643 3779 1868 3840 propter
1900 3789 2088 3824 versus
2123 3778 2460 3839 insequentes
2487 3774 2497 3842 Ι
2529 3782 2587 3835 ut

433 3853 548 3889 cum
584 3839 814 3905 irrigavit
838 3839 858 3907 ΙΙ
884 3842 983 3893 388
1017 3839 1086 3892 Ν.
1116 3856 1175 3906 p.
1202 3843 1267 3894 86
1303 3840 1574 3910 caballusfl
1604 3844 1702 3895 389
1737 3840 1805 3894 Ν.
1839 3859 1895 3908 p.
1931 3845 1995 3895 79
2033 3842 2306 3907 bipennem
2333 3842 2353 3910 ΙΙ
2379 3845 2480 3897 390
2517 3841 2587 3895 Ν.

424 3922 482 3972 p.
518 3908 618 3959 486
657 3906 796 3958 frons
826 3910 834 3973 Ι
864 3907 1003 3961 lutos
1037 3912 1134 3960 aut
1167 3908 1363 3961 luctos:
1402 3907 1549 3961 lucus
1581 3911 1846 3962 Reatinus
1874 3911 1883 3976 Ι
1914 3914 2069 3977 atque
2109 3909 2318 3961 Riesiue
2343 3913 2538 3962 inserit
2573 3911 2582 3978 Ι

435 3974 574 4026 frons
608 3979 671 4024 ut
703 3978 765 4025 in
801 3976 1040 4027 lemmate
1077 3975 1246 4043 libr-iu
1273 3979 1369 4031 391
1409 3976 1477 4028 Ν.
1508 3992 1565 4044 p.
1607 3980 1702 4033 178
1740 3982 1878 4046 traps
1915 3983 1969 4028 et
1995 3994 2052 4045 p.
2087 3981 2191 4032 494
2235 3979 2410 4046 pronis
2441 3979 2449 4047 Ι
2481 3979 2587 4032 alta

437 4041 689 4093 oehlerus
715 4040 736 4109 ΙΙ
759 4045 858 4096 392
893 4042 961 4095 Ν.
989 4058 1048 4108 p.
1089 4046 1185 4096 152
1221 4043 1499 4111 percellere
