2881 4580
1141 291 1515 345 MENIPPEAE
2292 297 2325 355 1
2335 293 2413 356 83

1251 465 1303 525 Il
1370 471 1415 529 4

674 567 808 628 dein
845 570 1007 627 certo
1041 566 1149 628 alvi
1181 469 1369 630 fluctu(
1393 470 1463 628 dt
1491 586 1701 630 sucum
2453 580 2540 632 200

673 660 909 732 pareret
938 669 1224 726 mansum,
1258 670 1377 732 quo
1409 672 1691 714 venarum

757 737 1045 816 sanguine
1076 737 1232 799 rivos
1263 739 1607 818 compleret.

672 940 757 1001 nil
787 945 929 1002 sunt
957 941 1176 1015 Musae,
1211 856 1494 1021 Pldiyffl’gs,
1524 951 1750 1005 vestrae
2461 952 2547 1004 201

673 1043 816 1104 quas
845 1026 1077 1087 aerifice
1107 1026 1270 1087 duxti

1218 1144 1327 1205 1111
1358 1147 1447 1224 (6)

1111 1255 1177 1308 ut
1205 1247 1396 1308 sidera
1427 1248 1571 1309 caeli
2461 1257 2549 1309 202

673 1330 885 1402 divum,
918 1331 1139 1392 circum
1171 1340 1387 1393 terram
1419 1341 1596 1411 atque
1624 1351 1790 1393 axem

674 1434 822 1495 quae
854 1416 1169 1478 volvuntur
1200 1427 1363 1478 motu
1397 1417 1590 1479 orbito

671 1619 932 1680 candens
962 1637 1214 1699 corpore
1244 1535 1451 1684 tguqu
1482 1621 1680 1683 triviae
2456 1603 2546 1680 203

672 1704 895 1764 lumine
928 1704 1129 1766 Lunae

1244 1807 1317 1868 VI
1350 1810 1439 1883 (9)

1489 1897 1609 1954 ndu
1642 1893 1845 1955 videtis
1875 1899 2032 1956 unus
2060 1904 2127 1956 ut
2461 1903 2548 1957 204

673 1976 950 2057 parvulus
980 1976 1161 2036 Amor
1201 1976 1449 2039 ardifeta
1480 1977 1746 2058 lampade
1787 1978 1946 2039 arida
1986 1989 2118 2060 agat
2165 1978 2414 2040 amantis

672 2059 1034 2123 aestuantis?

1213 2162 1313 2224 VII
1347 2166 1475 2243 (10)

479 2340 537 2396 et
565 2334 826 2396 mIsellus
856 2333 952 2394 ille
984 2351 1212 2419 pauper
1241 2338 1395 2395 amat
1423 2332 1719 2414 habetque
1751 2335 1950 2414 ignem
1993 2258 2155 2397 inuis
2177 2268 2412 2398 ἒῖξθῐηε
2459 2260 2546 2314 202>

477 2420 575 2481 hic
604 2418 902 2500 ephebum
935 2418 1280 2491 mulieravit,
1312 2419 1408 2480 hic
1437 2421 1510 2481 ad
1542 2419 1861 2482 moechada
1891 2419 2326 2483 adulescentem

480 2504 815 2567 cubiculum
848 2504 1095 2585 pudoris
1123 2505 1349 2585 primus
1378 2504 1591 2584 polluit

1216 2622 1345 2683 VIII

354 2744 475 2786 non
530 2724 799 2786 subsilies
850 2743 918 2785 ac
971 2726 1214 2806 plaudes
1267 2735 1325 2788 et
1374 2624 1464 2785 Ξ)
1479 2726 1657 2786 Arato
1704 2742 1912 2804 posces
1944 2725 2215 2787 astricam
2245 2745 2413 2788 coro·
2458 2735 2546 2788 206

271 2808 452 2872 nam?
485 2810 623 2889 quid
655 2809 814 2871 enim
844 2810 958 2871 hoc
990 2809 1239 2873 mirius?

1189 2929 1343 2991 VIIII
1376 2930 1509 3007 (11)

264 3112 269 3113 ἶ
356 3048 558 3176 ῐιὲῐιηε
590 3030 891 3159 hgminem
920 3031 1192 3094 scribunt
1221 3051 1349 3094 esse
1378 3030 1704 3110 grandibus
1733 3030 2094 3112 superciliis,
2147 3031 2416 3107 silonem,
2459 3041 2547 3092 207

270 3133 383 3193 qua
425 3124 652 3176 ratum.

1238 3217 1290 3278 x
1321 3218 1452 3296 (12)

357 3317 459 3397 qui
502 3300 622 3379 sint
666 3317 993 3379 secundum
1040 3327 1304 3379 naturam
1347 3318 1597 3398 perfecti
1638 3312 1943 3394 homines,
1990 3327 2209 3380 utnon
2243 3318 2418 3380 modo
2449 3329 2535 3380 208

272 3422 374 3465 eos
406 3411 742 3483 spectemus
772 3404 873 3465 sed
906 3403 1079 3464 etiam
1112 3403 1410 3465 imitemur

441 3589 540 3641 200
575 3587 642 3641 Ν.
677 3605 728 3655 p.
768 3590 866 3639 140
901 3602 1132 3639 mansum
1174 3589 1183 3652 Ι
1214 3593 1350 3640 certe
1385 3588 1632 3640 alufluetu
1668 3590 1726 3639 ut
1761 3586 1922 3639 sicum
1965 3587 1973 3654 Ι
2011 3585 2241 3648 fortasse
2276 3588 2365 3655 qui
2396 3588 2416 3657 fl

273 3659 368 3710 201
410 3656 480 3708 Ν.
512 3673 566 3722 p.
604 3658 668 3709 69
704 3654 983 3707 aeriflcium
1019 3661 1073 3706 ot
1102 3673 1157 3722 p.
1183 3658 1281 3709 283
1317 3655 1504 3708 ducere
1534 3659 1543 3721 Ι
1575 3654 1800 3724 policisss
1829 3657 1929 3708 202
1963 3655 2033 3710 N.
2060 3672 2119 3723 p.
2150 3657 2246 3710 148
2283 3655 2419 3719 orbi-

274 3730 381 3778 tum
425 3724 445 3792 ΙΙ
487 3727 586 3777 203
621 3723 688 3776 Ν.
721 3740 774 3789 p.
813 3726 911 3776 267
948 3724 1132 3777 candet
1177 3725 1187 3788 Ι
1236 3724 1388 3776 trivio
1433 3723 1454 3789 ΙΙ
1497 3726 1597 3777 204
1632 3723 1700 3776 Ν.
1727 3739 1787 3790 p.
1824 3726 1921 3776 243
1958 3738 2109 3790 agere
2144 3730 2198 3776 ot
2220 3740 2278 3791 p.
2317 3727 2415 3778 312

274 3793 434 3846 fetum
479 3791 500 3861 ΙΙ
540 3795 637 3844 205
684 3791 752 3844 Ν.
791 3809 849 3859 p.
893 3795 988 3845 140
1040 3791 1327 3845 mulieravit
1368 3792 1387 3859 ΙΙ
1433 3793 1531 3845 206
1567 3791 1636 3844 Ν.
1668 3809 1723 3858 p.
1766 3793 1861 3844 135
1912 3793 2091 3844 mitius
2142 3798 2196 3844 et
2225 3809 2278 3859 p.
2319 3795 2418 3847 374

274 3875 485 3929 poscere
515 3862 524 3927 1
555 3860 764 3913 subsilis
800 3876 860 3913 ac
895 3860 1112 3926 plaudis,
1159 3863 1285 3910 item
1319 3860 1492 3927 poscis
1519 3875 1576 3925 p.
1619 3860 1715 3912 135
1750 3863 1891 3910 reete
1926 3863 2148 3927 opinor,
2191 3866 2257 3912 ut
2291 3863 2420 3912 haec

271 3945 483 3995 quoquo
517 3929 592 3980 ad
623 3932 931 3980 octonarios
965 3930 1266 3980 trochaicos
1309 3932 1631 3979 revocentur
1679 3925 2108 3995 poscis-astricem
2155 3928 2175 3996 ΙΙ
2216 3931 2313 3981 207
2348 3928 2418 3980 Ν.

266 4013 325 4063 p.
363 4000 427 4049 25
465 3996 657 4049 silones
699 3996 708 4062 Ι
750 4011 920 4048 nonne
958 4011 1059 4049 non
1098 4010 1252 4049 unum
1288 3997 1518 4048 scribunt
1557 3996 1566 4062 Ι
1597 3997 1889 4047 adhaerent
1922 4000 2179 4063 tanquam
2217 3997 2421 4048 Varro-

275 4068 444 4116 m‘ana
480 4064 619 4132 quod
645 4063 847 4117 Silenus
874 4065 1084 4117 hirsutis
1119 4063 1404 4131 superciliis
1439 4062 1717 4131 fingeretur
1744 4063 1764 4132 ΙΙ
1789 4065 1887 4117 208
1906 4064 1973 4117 N.
1986 4081 2043 4131 p.
2067 4067 2165 4117 402
2186 4069 2419 4131 spectare
