2881 4580
1087 286 1495 341 FRAGMENTA
2244 298 2274 355 1
2287 299 2364 356 15

1156 459 1418 521 XXVIIII

429 558 641 620 fallunt
673 576 783 618 nos
816 558 990 632 oculi,
1023 561 1267 641 vagique
1297 582 1510 626 sensus

428 660 710 724 oppressa
741 643 972 705 ratione
1001 646 1391 709 mentiuntur.

427 747 559 789 nam
594 728 792 802 turris,
823 746 1011 810 prope
1043 750 1193 809 quae
1223 734 1504 811 quadrata
1534 736 1738 814 surgit,

426 814 655 875 detritis
685 814 892 892 procul
924 816 1155 896 angulis
1186 826 1432 880 rotatur.

312 907 338 957 5
422 898 748 980 Hyblaeum
777 899 996 980 refugit
1024 911 1187 963 satur
1216 902 1529 982 liquorem,

426 993 483 1045 et
514 984 673 1046 naris
702 985 916 1046 casiam
947 987 1294 1066 frequenter
1324 990 1462 1050 odit.

428 1070 540 1131 hoc
571 1069 671 1130 illo
703 1070 888 1149 magis
917 1079 1019 1132 aut
1046 1072 1244 1134 minus
1276 1073 1510 1154 placere

429 1174 549 1216 non
584 1162 805 1234 posset,
837 1155 948 1217 nisi
981 1156 1080 1218 lite
1110 1157 1401 1220 destinata

424 1248 763 1320 pugnarent
791 1240 971 1302 dubio
1005 1249 1211 1304 tenore
1239 1263 1451 1306 33113113

386 1341 416 1390 6
450 1340 602 1392 maris

1205 1460 1362 1521 xxx
1391 1423 1393 1427 ’

426 1562 670 1635 331111113,
704 1580 855 1640 quae
886 1571 1116 1625 mentes
1146 1562 1359 1624 ludunt
1389 1563 1767 1626 volitantibus
1797 1565 2043 1641 umbris,

425 1667 545 1709 non
579 1647 825 1709 delubra
854 1647 1028 1708 deum
1061 1666 1173 1709 nec
1203 1647 1273 1709 ab
1306 1649 1544 1711 aethere
1578 1649 1824 1711 numina
1854 1651 2115 1728 mittunt,

424 1733 522 1794 sed
554 1732 665 1794 sibi
698 1732 950 1811 quisque
982 1734 1135 1795 facit.
1200 1752 1334 1794 nam
1367 1753 1504 1796 cum
1535 1743 1826 1814 prostrata
1856 1756 2072 1816 sopore

427 1826 640 1898 urguet
669 1816 938 1879 membra
966 1819 1132 1897 quies
1163 1827 1221 1879 et
1249 1837 1419 1882 mens
1449 1820 1577 1881 31113
1608 1820 1872 1899 pondere
1902 1822 2069 1897 ludit,

316 1910 343 1960 5
422 1902 701 1982 quicquid
733 1902 866 1964 luce
896 1903 1025 1977 fuit,
1056 1902 1320 1965 tenebris
1350 1905 1487 1984 agit.
1550 1905 1763 1985 oppida
1796 1905 1951 1968 bello

423 1988 521 2066 qui
554 1987 741 2067 quatit
770 1997 828 2049 et
857 1988 1102 2050 flammis
1132 1989 1496 2052 miserandas
1526 1991 1682 2052 eruit
1711 1990 1907 2065 1111133,

424 2073 534 2134 1313
567 2073 718 2134 videt
751 2091 1065 2153 versasque
1094 2074 1249 2136 acies
1278 2084 1336 2136 31
1366 2076 1578 2137 funera
1608 2093 1814 2156 regum

422 2167 598 2237 atque
630 2159 996 2220 exundantes
1026 2161 1271 2240 profuso
1302 2160 1590 2240 sanguine
1619 2179 1878 2241 campoS.

422 2244 522 2323 qui
554 2262 761 2306 causas
792 2262 961 2305 orare
991 2245 1203 2318 solent,
1237 2244 1515 2325 legesque
1544 2247 1861 2325 forumque

283 2335 335 2387 10
415 2338 474 2391 et
502 2330 693 2410 pavidi
724 2339 982 2392 cernunt
1012 2331 1305 2392 inclusum
1337 2331 1543 2392 chorte
1574 2330 1851 2393 tribunal.

421 2415 622 2476 condit
652 2433 857 2476 avarus
888 2435 1032 2495 opes
1062 2415 1480 2494 defossumque
1510 2416 1736 2477 invenit
1765 2435 1993 2477 aurum.

419 2507 664 2562 venator
692 2501 873 2561 saltus
902 2500 1153 2561 canibus
1185 2501 1388 2579 quatit.
1450 2500 1626 2580 eripit
1656 2501 1830 2563 undis

419 2594 520 2646 aut
548 2586 766 2665 premit
795 2604 1055 2647 eversam
1086 2586 1386 2665 periturus
1420 2587 1608 2647 navita
1638 2604 1918 2667 puppem.

417 2670 623 2732 scribit
652 2671 899 2732 amatori
928 2671 1226 2744 meretrix,
1258 2670 1357 2732 dat
1384 2671 1647 2732 adultera
1677 2690 1913 2734 munus.

274 2762 327 2814 15
410 2758 492 2834 [et
525 2755 688 2817 canis
717 2756 777 2818 in
810 2756 1034 2818 somnis
1063 2756 1281 2838 leporis
1310 2756 1549 2835 vestigia
1578 2757 1769 2834 latrat]

417 2842 478 2902 ln
512 2841 705 2902 noctis
735 2842 989 2922 spatium
1019 2842 1369 2903 miserorum
1400 2842 1646 2904 vulnera
1677 2842 1891 2904 durant

379 2945 438 2995 10
478 2941 631 2993 corde

1157 3060 1388 3122 xxxl*

415 3161 616 3223 Indica
647 3181 947 3243 purpureo
977 3163 1185 3244 genuit
1214 3180 1309 3222 me
1337 3162 1512 3223 litore
1543 3161 1734 3234 1311113,

499 3248 783 3310 candidus
814 3267 1063 3310 accenso
1096 3266 1211 3326 qua
1244 3247 1397 3308 redit
1429 3246 1575 3308 orbe
1605 3246 1748 3307 dies.

413 3332 509 3393 hic
542 3351 653 3413 ego
684 3334 913 3395 divinos
941 3334 1097 3395 inter
1125 3341 1447 3412 generatus
1492 3333 1753 3393 honores

499 3418 715 3479 mutavi
746 3418 914 3479 Latio
943 3418 1193 3481 barbara
1224 3417 1402 3479 verba
1431 3437 1602 3479 sono.

300 3513 329 3563 5
414 3503 528 3564 iam
560 3502 786 3565 dimitte
818 3513 969 3577 tuos,
1000 3504 1188 3564 Paean
1224 3523 1258 3563 o
1293 3502 1592 3582 Delphice,
1624 3517 1872 3579 cygnos:

498 3588 735 3667 dignior
764 3590 909 3650 haec
939 3607 1050 3650 vox
1082 3598 1172 3650 est
1202 3606 1353 3667 quae
1388 3597 1486 3648 tua
1518 3585 1734 3664 templa
1765 3584 1922 3645 colat

369 3707 499 3756 huic
546 3707 779 3755 carmini
824 3710 878 3755 et
916 3707 1251 3770 sequentibus
1294 3705 1537 3754 Petronii
1587 3716 1780 3751 nomen
1827 3699 2084 3751 Claudius
2129 3700 2350 3751 Binetus

203 3775 530 3839 praeposuit,
573 3775 838 3823 incertum
872 3778 1057 3824 utrum
1091 3772 1324 3825 codicem
1368 3786 1525 3821 suum
1560 3772 1804 3820 imitatus
1848 3784 1921 3818 an
1957 3767 2101 3834 quod
2133 3784 2349 3821 carmen

209 3844 261 3892 in
309 3842 493 3923 codice
542 3842 637 3893 illo
682 3842 1009 3907 praecedens
1050 3839 1143 3905 (l'r.
1189 3838 1387 3903 XXVI)
1430 3839 1680 3889 Petronio
1726 3836 2011 3901 adsignari
2059 3837 2272 3888 viderat
2313 3855 2347 3889 α

207 3909 588 4029 Fulgegliiibet
628 3977 968 4028 Burmannus
992 3977 1012 4044 ΙΙ
1039 3980 1070 4030 3
1120 3975 1184 4027 de
1218 3976 1500 4037 elephanto
1545 3973 1714 4026 bellua
1762 3972 1966 4027 divinos
2016 3974 2148 4026 111131·
2194 3987 2346 4040 gene—

209 4049 337 4099 ratur
371 4045 555 4098 odores
590 4046 923 4096 Dracontius
958 4046 1022 4095 dc
1058 4044 1152 4095 dcc
1190 4044 1220 4093 Ῑ
1249 4042 1356 4096 308

1863 4126 1940 4179 8*
