2881 4580
484 333 615 393 214
1398 333 1726 386 VARRONIS

1467 506 1540 566 vl
1570 507 1659 585 (2)

354 620 441 671 490
697 626 760 669 se
790 606 1197 686 circumspexe
1228 618 1402 686 atque
1434 608 1728 670 invenisse
1759 628 1854 681 se,
1886 625 2020 670 cum
2053 609 2312 671 dormire
2345 613 2648 690 coepisset

488 703 605 755 tam
638 692 842 773 glaber
867 711 1044 772 quam
1062 693 1336 755 Socrates
1360 694 1537 766 calva,
1571 713 1699 755 esse
1729 693 1948 755 factum
1981 696 2224 756 ericium
2250 713 2283 755 e
2306 694 2442 774 pilis
2475 695 2648 769 albis,

489 797 622 840 cum
658 778 1007 858 proboscide

1459 862 1560 923 Vll
1592 864 1679 941 (3)

352 975 439 1026 491
700 965 945 1026 Romam
977 982 1281 1044 regressus
1310 964 1392 1025 ibi
1425 964 1571 1025 nihil
1605 964 1850 1044 offendi,
1879 966 2037 1044 quod
2068 975 2206 1027 ante
2239 986 2432 1036 annos
2465 966 2648 1045 quin-

493 1051 792 1130 quaginta,
825 1069 958 1112 cum
988 1050 1243 1129 primum
1274 1049 1535 1111 dormire
1568 1049 1757 1130 coepi,
1790 1049 2002 1129 reliqui

1420 1167 1550 1229 v111
1582 1171 1713 1246 (15)

356 1282 445 1333 492
700 1290 770 1332 eo
803 1281 868 1331 ut
896 1270 1169 1331 viaticum
1200 1289 1269 1331 ex
1297 1270 1495 1332 arcula
1527 1269 1800 1331 adderem
1834 1270 1894 1330 in
1928 1269 2162 1351 bulgam

1406 1388 1564 1449 VIlll
1595 1389 1725 1465 (18)

263 1543 267 1550 .
350 1502 439 1553 493
694 1491 863 1553 acciti
892 1508 1113 1563 sumus,
1148 1498 1212 1551 ut
1243 1491 1724 1570 depontaremur.
1761 1509 2055 1572 murmur
2084 1492 2150 1551 fit
2180 1492 2339 1553 ferus

1455 1608 1508 1668 X
1537 1610 1667 1686 (19)

350 1723 438 1774 494
697 1711 805 1770 ‘vix
839 1710 1048 1771 effatus
1082 1710 1240 1783 erat’‚
1285 1729 1417 1771 cum
1465 1729 1628 1771 more
1673 1712 1962 1772 maiorum
1993 1711 2147 1772 ultro
2194 1713 2461 1773 carnales
2492 1714 2645 1773 arri-

351 1853 383 1874 „
486 1796 680 1877 pium,
712 1795 782 1856 de
812 1805 996 1875 ponte
1028 1796 1087 1856 in
1121 1795 1378 1856 Tiberim
1413 1795 1733 1857 deturbant

1468 1914 1542 1973 XI
1575 1916 1660 1990 (6)

344 2028 436 2081 495
693 2017 749 2077 ἰη
806 2034 1053 2094 quarum
1109 2017 1303 2076 locum
1355 2016 1668 2078 subierunt
1720 2016 2047 2095 inquilinae
2091 2015 2362 2095 impietas
2393 2017 2643 2096 perfidia

483 2101 840 2181 impudicitia
1597 2149 1598 2152 η

1445 2183 1549 2245 XII
1581 2189 1671 2262 (7)

349 2298 437 2353 496
694 2308 856 2350 nunc
888 2288 1021 2367 quis
1054 2297 1277 2367 patrem
1309 2287 1511 2349 decem
1545 2305 1843 2348 annorum
1877 2298 2049 2349 natus
2079 2307 2201 2349 non
2237 2288 2413 2350 modo
2447 2290 2646 2351 aufert

484 2374 586 2434 sed
617 2373 768 2435 tollit
797 2409 876 2418 —
912 2374 1023 2435 nisi
1055 2370 1332 2434 veneno?

1432 2490 1562 2550 XIII
1596 2490 1682 2568 (5)

344 2605 434 2675 pm
480 2602 483 2605 '
694 2593 793 2655 ubi
826 2605 953 2654 tum
983 2594 1216 2655 comitia
1246 2592 1562 2666 habebant,
1597 2592 1675 2653 ibi
1710 2611 1873 2653 nunc
1903 2595 1969 2654 fit
1997 2602 2294 2654 mercatus

1416 2702 1579 2772 XIIII
1612 2710 1702 2787 (9)

345 2824 433 2880 498
690 2813 845 2892 quod
870 2814 1029 2893 leges
1052 2813 1277 2887 iubent,
1305 2833 1424 2874 non
1455 2813 1705 2874 faciunt:
1735 2808 1849 2888 δὸς
1870 2813 1982 2877 καὶ
2006 2812 2167 2894 λαβέ
2188 2812 2360 2874 fervit
2384 2815 2635 2875 omnino

1334 3000 1344 3011 ,
1443 2932 1542 2991 XV
1574 2932 1660 3010 (8)

345 3047 434 3101 499
496 3042 499 3043 ’
692 3034 893 3095 avidus
922 3033 1097 3094 iudex
1123 3051 1293 3094 reum
1328 3034 1582 3095 ducebat
1613 3053 1742 3096 esse
1772 3027 1992 3097 κοινὸν
2017 3025 2253 3117 Ἑρμῆν

1408 3149 1538 3211 XVI
1567 3149 1700 3232 (22)

267 3338 271 3342 .
347 3270 434 3322 500
516 3294 520 3299 -
582 3297 587 3302 ·
691 3262 758 3314 ut
788 3254 985 3315 nitens
1014 3254 1259 3334 pavonis
1292 3254 1479 3315 collus
1511 3254 1656 3314 nibil
1687 3254 2054 3314 extrinsecus
2084 3271 2325 3314 sumens

651 3425 750 3475 490
785 3421 853 3473 Ν.
887 3439 940 3486 p.
980 3423 1077 3474 106
1112 3420 1320 3473 ericium
1358 3425 1410 3471 et
1442 3438 1492 3486 p.
1515 3424 1581 3474 49
1620 3421 1885 3488 proboscis
1916 3420 1925 3486 Ι
1956 3419 2159 3486 galbam
2193 3435 2247 3485 p.
2276 3420 2391 3482 106,
2430 3420 2639 3471 calvum

474 3507 529 3557 p.
568 3493 658 3543 49:
696 3490 973 3541 delendum
1013 3488 1272 3540 Ges-uerus
1316 3492 1523 3540 censuit
1557 3489 1577 3555 ΙΙ
1619 3492 1715 3542 491
1754 3487 1822 3540 Ν.
1860 3504 1917 3554 p.
1944 3490 2043 3541 359
2080 3485 2337 3540 offendere
2370 3487 2391 3555 ΙΙ
2430 3490 2531 3540 492
2567 3488 2637 3540 Ν.

474 3575 530 3625 p.
555 3560 648 3612 187
687 3559 842 3625 bulga
872 3556 883 3627 Ι
913 3557 1098 3609 addere
1124 3556 1143 3624 [1
1169 3560 1267 3610 493
1292 3556 1358 3609 Ν.
1384 3575 1445 3623 p.
1467 3560 1567 3610 214
1591 3571 1829 3609 murmur.
1866 3559 2096 3608 senariis
2121 3558 2314 3606 tm‘buit
2337 3556 2397 3607 L.
2419 3556 2641 3607 Muelle-

480 3642 574 3676 rus
607 3624 703 3688 (uti
739 3626 1148 3693 depontaremur)
1192 3626 1200 3691 Ι
1243 3640 1395 3677 verus
1431 3630 1530 3677 aut
1551 3625 1672 3677 ieris
1695 3625 1716 3692 ΙΙ
1743 3627 1843 3677 494
1878 3624 1945 3677 Ν.
1970 3641 2023 3690 p.
2049 3627 2114 3677 86
2152 3624 2382 3675 carnales
2407 3625 2556 3688 quod
2577 3628 2638 3677 in

481 3708 718 3746 casuares
752 3696 940 3746 Iunius
973 3697 1203 3744 mutavit
1235 3710 1354 3744 cum
1390 3698 1448 3744 in
1485 3690 1726 3761 lemmate
1749 3697 1863 3743 tum
1886 3696 1945 3743 in
1968 3693 2362 3744 Varronianis:
2400 3690 2472 3751 cf.
2492 3695 2639 3760 4871!

482 3763 581 3813 495
617 3760 686 3814 Ν.
715 3778 771 3827 p.
794 3765 894 3816 403
920 3762 1090 3814 subire
1115 3762 1134 3828 ss
1161 3764 1260 3815 496
1281 3761 1351 3813 Ν.
1380 3777 1437 3827 p.
1458 3764 1558 3815 406
1595 3761 1776 3814 tollere
1813 3765 1865 3811 et
1886 3777 1941 3826 p.
1960 3763 2061 3813 422
2096 3760 2277 3812 tollere
2313 3764 2365 3811 et
2399 3760 2643 3828 auferre!

479 3831 579 3881 497
616 3827 683 3880 N.
714 3845 769 3895 p.
806 3832 905 3883 212
942 3837 1194 3881 mercatus
1227 3836 1277 3881 et
1305 3847 1359 3897 p.
1395 3832 1492 3882 431
1532 3836 1783 3882 mercatus
1809 3829 1829 3895 ss
1855 3832 1953 3883 498
1989 3828 2056 3882 Ν.
2090 3845 2143 3895 p.
2182 3829 2280 3881 502
2318 3828 2471 3879 fervit
2508 3829 2519 3896 Ι
2563 3828 2638 3880 fa·

481 3895 623 3948 ciunt
659 3896 845 3948 saciant
880 3897 999 3949 dos:
1033 3902 1209 3964 potest
1245 3899 1352 3948 tale
1389 3899 1544 3950 colon
1580 3898 1913 3949 intercidisse
1948 3906 2005 3948 ut
2041 3897 2139 3963 ipsi
2167 3896 2363 3949 lucrum
2389 3896 2582 3949 saciant
2621 3898 2628 3962 1

482 3962 634 4016 fervit
670 3966 837 4016 animo
875 3965 1043 4016 codex
1080 3970 1339 4031 optimus,
1386 3970 1435 4016 ei
1485 3966 1619 4028 fides
1665 3970 1742 4016 est
1788 3966 2166 4028 Quicheratio:
2222 3968 2524 4016 coniecerat
2577 3967 2642 4017 id

486 4032 737 4083 oehlerus
758 4034 777 4097 ΙΙ
805 4034 904 4085 499
941 4032 1007 4083 Ν.
1042 4051 1095 4098 p.
1133 4035 1230 4086 283
1270 4033 1457 4086 ducere
1485 4034 1627 4101 11500
1663 4034 1731 4088 N.
1753 4050 1806 4100 p.
1830 4035 1928 4086 200
1965 4033 2128 4086 collus
2159 4034 2167 4101 Ι
2198 4047 2394 4085 nmenS.
2465 4050 2540 4085 an
2576 4038 2638 4085 in

480 4102 783 4165 septenario
820 4100 1005 4152 timens
1042 4101 1354 4153 extrinsecus
1388 4103 1613 4164 (nullam
1648 4102 1964 4167 maculam?
