2881 4580
343 1049 454 1110 141

508 275 539 331 1
550 274 627 334 08
1435 271 1742 325 PETRONII

684 449 921 509 ‘omnia’
966 449 1207 527 inquam
1253 448 1381 509 ‘ista
1420 465 1556 507 vera
1587 457 1757 519 sunt3
1806 465 1917 507 nec
1949 446 2051 507 ulli
2080 445 2240 507 enim
2269 445 2525 507 celerius
2554 448 2661 507 ho·
2703 454 2744 504 L

513 534 705 596 mines
750 533 1008 595 incidere
1051 533 1271 595 debent
1315 534 1374 594 in
1423 533 1634 594 malam
1679 532 2012 605 fortunam,
2058 550 2235 610 quam
2266 532 2367 610 qui
2400 531 2663 592 alienum

512 619 964 698 concupiscunt.
1026 618 1185 680 unde
1228 618 1387 699 plani
1433 627 1660 688 autem,
1707 617 1864 677 unde
1894 617 2180 678 levatores
2208 615 2502 691 viverent,
2550 618 2666 678 nisi

513 714 612 766 aut
656 704 896 766 locellos
925 713 1027 765 aut
1057 714 1339 765 sonantes
1367 722 1505 764 aere
1535 702 1780 764 sacellos
1809 721 1919 781 pro
1949 702 2136 763 hamis
2166 703 2226 763 in
2258 703 2495 764 turbam
2528 702 2663 763 mit-

510 787 747 852 terent?
791 790 947 851 sicut
988 800 1148 850 muta
1193 789 1464 849 animalia
1509 787 1642 849 cibo
1689 788 2062 862 inescantur,
2108 788 2193 848 sic
2237 788 2512 850 homines
2546 807 2665 849 non
2709 797 2737 846 5

512 883 870 954 caperentur
902 875 1013 936 nisi
1044 874 1170 954 spei
1200 874 1419 953 aliquid
1449 872 1810 934 morderent'

1571 979 1605 1016 *

683 1050 773 1105 ‘ex
802 1044 999 1105 Africa
1032 1043 1227 1117 navis,
1258 1052 1326 1104 ut
1356 1044 1746 1123 promiseras,
1778 1061 1912 1103 cum
1944 1043 2197 1122 pecunia
2227 1052 2326 1104 tua
2359 1053 2418 1104 et
2446 1043 2666 1105 familia

512 1149 635 1191 non
682 1129 860 1190 venit.
921 1138 1253 1208 captatores
1296 1130 1410 1190 iam
1455 1128 1721 1190 exhausti
1763 1127 2170 1189 liberalitatem
2212 1128 2667 1190 imminuerunt.

510 1216 707 1295 itaque
753 1223 853 1275 aut
883 1214 1082 1288 fallor,
1129 1223 1230 1275 aut
1260 1216 1496 1276 fortuna
1529 1213 1863 1275 communis
1907 1213 2103 1292 coepit
2132 1214 2326 1275 redire
2354 1214 2425 1275 ad
2460 1215 2671 1294 paeni-

511 1301 754 1362 tentiam
787 1299 965 1361 tuam’
1575 1382 1605 1416 ’k
2713 1306 2763 1356 10

682 1476 928 1543 ‘omnes,
960 1470 1060 1549 qui
1092 1469 1154 1529 in
1186 1477 1539 1530 testamento
1570 1487 1703 1529 meo
1735 1468 1920 1548 legata
1949 1468 2187 1541 habent,
2220 1479 2455 1547 praeter
2486 1469 2666 1531 liber-

510 1564 604 1616 tos
634 1573 799 1616 meos
829 1556 938 1616 h'ac
970 1554 1321 1616 condicione
1353 1554 1718 1633 percipient,
1753 1572 1902 1632 quae
1933 1554 2099 1627 dedi,
2131 1554 2181 1615 si
2212 1573 2432 1635 corpus
2466 1574 2664 1618 meum

511 1640 572 1700 in
605 1651 803 1720 partes
832 1639 1206 1701 conciderint
1235 1648 1294 1701 et
1323 1648 1549 1700 astante
1582 1639 1803 1719 populo
1836 1639 2220 1701 comederint'

1573 1745 1607 1782 *

683 1810 858 1888 ‘apud
892 1808 1173 1887 quasdam
1204 1817 1410 1888 gentes
1440 1809 1659 1871 scimus
1681 1808 1874 1869 adhuc
1896 1808 2085 1888 legem
2109 1809 2347 1882 servari,
2380 1818 2447 1870 ut
2468 1828 2503 1870 a
2525 1829 2665 1890 pro—

513 1894 756 1974 pinquis
786 1893 909 1955 suis
940 1902 1369 1955 consumantur
1398 1894 1683 1967 defuncti,
1715 1895 1860 1954 adeo
1894 1894 2150 1973 quidem,
2181 1904 2249 1955 ut
2271 1894 2669 1975 obiurgentur
2709 1904 2760 1953 15

512 1979 672 2058 aegri
703 1979 1065 2057 frequenter,
1097 1980 1255 2058 quod
1286 1997 1525 2040 carnem
1557 1996 1720 2041 suam
1751 1979 1969 2040 faciant
1999 1980 2280 2059 peiorem.
2341 1981 2433 2041 his
2462 1982 2667 2042 admo-

515 2083 628 2126 neo
675 2064 894 2125 amicos
938 2083 1131 2138 meoS,
1178 2083 1256 2125 ne
1300 2074 1581 2126 recusent
1624 2083 1774 2143 quae
1818 2064 2030 2137 iubeo,
2076 2066 2177 2126 sed
2209 2065 2426 2145 quibus
2456 2067 2668 2129 animis

511 2150 849 2211 devoverint
876 2150 1150 2228 spiritum
1183 2168 1398 2224 meum,
1432 2150 1650 2212 eisdem
1683 2150 1857 2211 etiam
1888 2169 2105 2230 corpus
2135 2152 2510 2212 consumant’

1578 2257 1609 2295 *

681 2321 1032 2383 excaecabat
1074 2321 1363 2401 pecuniae
1410 2322 1623 2400 ingens
1667 2322 1818 2381 fama
1864 2322 2068 2384 oculos
2109 2322 2457 2401 animosque
2488 2324 2664 2385 mise-

511 2425 739 2468 rorum.
1448 2405 1453 2424 *
2709 2416 2760 2467 20

682 2491 930 2571 Gorgias
959 2499 1198 2571 paratus
1227 2500 1353 2553 erat
1383 2491 1623 2568 exsequi

1573 2597 1607 2634 *

682 2660 773 2721 ‘de
817 2661 1104 2722 stomachi
1151 2661 1234 2721 tui
1281 2661 1655 2722 recusatione
1688 2661 2028 2722 non-habeo
2060 2664 2218 2741 quod
2250 2662 2508 2724 timeam.
2570 2684 2663 2725 se-

510 2755 727 2824 quetur
756 2746 1090 2824 imperium,
1121 2747 1170 2807 si
1203 2746 1544 2824 promiseris
1575 2746 1656 2807 illi
1687 2765 1796 2827 pro
1828 2747 2006 2808 unius
2037 2748 2214 2809 horae
2246 2748 2478 2809 fastidio
2512 2750 2663 2810 mul-

509 2841 707 2891 torum
738 2831 1035 2891 bonorum
1062 2831 1493 2910 pensationem.
1541 2832 1709 2912 operi
1738 2832 1913 2893 modo
1945 2833 2151 2894 oculos
2177 2843 2239 2895 et
2268 2835 2428 2914 finge
2452 2842 2512 2895 te
2538 2854 2660 2896 non

509 2915 768 2975 humana
817 2915 1039 2977 viscera
1083 2916 1187 2978 sed
1231 2917 1455 2978 centies
1500 2917 1835 2978 sestertium
1881 2936 2163 2981 comesse.
2253 2919 2483 2980 accedit
2528 2921 2662 2994 huc,
2706 2928 2756 2978 25

511 3000 668 3079 quod
701 3001 893 3079 aliqua
924 3001 1291 3063 inveniemus
1320 3002 1752 3077 blandimenta,
1797 3002 2014 3082 quibus
2042 3022 2311 3085 saporem
2343 3013 2661 3067 mutemus.

510 3104 707 3165 neque
751 3086 912 3147 enim
941 3087 1060 3147 ulla
1092 3105 1225 3148 caro
1258 3106 1367 3167 per
1395 3106 1460 3148 se
1487 3088 1711 3167 placet,
1758 3089 1859 3149 sed
1890 3097 2014 3150 arte
2045 3091 2297 3168 quadam
2326 3091 2662 3169 corrumpi-

507 3180 605 3231 tur
649 3179 709 3232 et
751 3173 1053 3233 stomacho
1111 3172 1462 3234 conciliatur
1504 3191 1725 3234 averso.
1800 3174 1960 3253 quod
2002 3175 2051 3236 si
2097 3175 2379 3255 exemplis
2422 3193 2662 3255 quoque

507 3257 592 3318 vis
623 3256 863 3336 probari
896 3258 1231 3332 consilium,
1264 3258 1577 3337 Saguntini
1610 3258 1875 3338 oppressi
1909 3259 1980 3320 ab
2013 3260 2344 3321 Hannibale
2373 3261 2662 3322 humanas

512 3341 687 3403 edere
731 3361 959 3417 carnes,
1009 3361 1119 3404 nec
1164 3343 1548 3403 hereditatem
1596 3343 2003 3423 expectabant.
2076 3346 2324 3408 Petelini
2370 3346 2527 3407 idem
2576 3347 2657 3407 fe·
2702 3353 2755 3403 30

511 3436 724 3488 cerunt
765 3429 827 3489 in
873 3428 1074 3489 ultima
1120 3429 1291 3501 fame,
1340 3446 1452 3489 nec
1497 3428 1811 3507 quicquam
1857 3429 2013 3491 aliud
2058 3432 2116 3492 in
2163 3432 2274 3492 hac
2319 3431 2661 3511 epulatione

512 3511 855 3591 captabant,
917 3513 1028 3575 nisi
1085 3521 1316 3575 tantum
1363 3531 1438 3573 ne
1484 3513 1797 3575 esurirent.
1886 3533 2021 3575 cum
2067 3526 2221 3578 esset
2263 3516 2585 3578 Numantia
2628 3536 2659 3577 a

511 3597 791 3675 Scipione
836 3607 1034 3677 capta,
1081 3599 1354 3660 inventae
1399 3607 1541 3658 sunt
1584 3608 1831 3670 matres,
1876 3618 2027 3679 quae
2058 3601 2379 3663 liberorum
2411 3621 2658 3663 suorum

507 3689 783 3743 tenerent
810 3701 1033 3745 semesa
1064 3684 1125 3744 in
1156 3684 1289 3745 sinu
1321 3683 1600 3804 corporaa'=

684 3851 743 3901 10
782 3863 924 3900 suam
958 3849 978 3917 ΙΙ
1016 3851 1079 3902 18
1116 3849 1362 3902 devorant
1397 3853 1670 3903 Iacobsius
1699 3852 1708 3917 Ι
1739 3852 1912 3917 etiam]
1951 3867 2101 3904 omne
2136 3853 2524 3918 Scaliger-anus
2550 3855 2570 3920 ΙΙ
2597 3857 2658 3906 19

508 3913 964 4035 ἑῖπιὲἰὲνιξῗσήἰηε
987 3917 1007 3984 11
1034 3920 1096 3969 25
1135 3917 1345 3970 accedet
1371 3918 1390 3985 u
1414 3921 1479 3972 28
1517 3919 1595 3972 vis
1632 3936 1837 3989 quoque
1863 3920 1883 3988 ΙΙ
1909 3923 1972 3973 29
2010 3921 2207 3974 obsessi
2243 3919 2662 3989 Rittershusiusfl
