2881 4580
475 284 554 342 46
1397 282 1701 338 PETRONll

471 458 757 520 miscebat
797 458 1152 521 Atellanicos
1196 477 1430 533 versuS,
1488 465 1553 519 ut
1608 465 1752 520 tunc
1808 458 2065 538 primum
2123 476 2218 520 me
2261 460 2434 521 etiam
2479 458 2624 522 Ver-
2648 467 2704 517 H

471 542 644 623 gilius
675 543 1005 606 offenderit.
1062 544 1336 626 plausum
1367 552 1597 616 tamen,
1629 561 1765 604 cum
1795 543 2109 622 aliquando
2141 544 2417 618 desisset,
2464 545 2626 609 adie-

471 628 553 689 cit
581 628 885 691 Habinnas
929 640 989 691 et
1033 629 1381 708 ‘nunquam'
1426 629 1626 707 inquit
1667 629 1907 703 ‘didicit,
1952 630 2052 691 sed
2099 647 2209 708 ego
2253 629 2323 690 ad
2371 629 2624 696 circula-

469 721 631 775 tores
674 732 808 775 eum
862 715 1147 776 mittendo
1194 713 1517 776 erudibam.
1578 714 1774 793 itaque
1817 731 2020 795 parem
2082 733 2204 775 non
2251 714 2459 789 habet,
2504 716 2625 780 sive

470 798 762 861 muliones
779 800 932 861 volet
945 801 1065 861 sive
1088 799 1469 861 circulatores
1497 798 1727 859 imitari.
1774 798 2147 879 desperatum
2161 799 2325 860 valde
2349 800 2624 879 ingenio·
2669 808 2699 861 5

466 901 566 945 sus
611 892 730 946 est:
775 885 927 946 idem
961 894 1130 946 sutor
1157 892 1266 959 est,
1295 885 1450 947 idem
1482 901 1692 958 cocus,
1736 883 1890 944 idem
1921 884 2137 965 pistor,
2183 884 2379 946 omnis
2421 903 2624 951 musae

468 969 846 1049 mancipium.
903 969 1018 1031 duo
1042 978 1239 1031 tamen
1253 970 1390 1031 vitia
1412 969 1609 1043 habet,
1633 987 1783 1047 quae
1804 969 1999 1031 sinon
2025 968 2290 1043 haberet,
2316 979 2470 1031 esset
2492 991 2624 1034 om-

469 1055 635 1115 nium
665 1072 1010 1116 numerum:
1043 1056 1326 1117 recutitus
1357 1064 1444 1117 est
1477 1064 1537 1116 et
1565 1054 1773 1116 stertit.
1820 1072 1958 1115 nam
1982 1055 2142 1133 quod
2163 1055 2482 1117 strabonus
2511 1068 2621 1133 est,

471 1158 590 1201 non
623 1157 799 1217 curo;
830 1140 986 1202 sicut
1008 1138 1206 1202 Venus
1228 1148 1474 1221 spectat.
1518 1139 1650 1200 ideo
1682 1139 1830 1200 nihil
1858 1149 2031 1213 tacet,
2053 1140 2148 1200 vix
2178 1141 2351 1201 oculo
2381 1151 2619 1205 mortuo

367 1223 448 1286 69
472 1243 752 1304 unquam.
814 1225 978 1286 illum
1022 1224 1137 1286 emi
1167 1226 1450 1288 trecentis
1495 1224 1789 1286 denariis’.
1846 1225 2240 1305 interpellavit
2277 1225 2622 1304 loquentem
2670 1238 2732 1289 1⁰

467 1309 730 1371 Scintilla
755 1318 814 1372 et
835 1310 1048 1390 ‘plane'
1071 1311 1265 1390 inquit
1288 1316 1429 1372 ‘non
1457 1310 1653 1371 omnia
1675 1309 1919 1370 artificia
1941 1311 2094 1371 servi
2114 1328 2370 1391 nequam
2394 1330 2618 1375 narras.

467 1411 645 1475 agaga
674 1404 792 1472 est;
823 1405 882 1457 at
911 1396 1150 1470 curabo,
1183 1397 1454 1476 stigmam
1478 1394 1725 1456 habeat’.
1771 1393 1901 1456 risit
1917 1395 2272 1457 Trimalchio
2297 1404 2354 1456 et
2379 1396 2620 1477 ‘adcog-

467 1481 670 1542 nosco’
701 1481 896 1560 inquit
926 1480 1383 1562 ‘Cappadocemz
1431 1480 1580 1541 nihil
1622 1479 1734 1540 sibi
1779 1478 2086 1555 defraudit,
2147 1489 2207 1542 et
2249 1481 2619 1546 mehercules

462 1566 638 1627 laudo
669 1567 866 1641 illum;
897 1566 1010 1627 boc
1041 1567 1199 1627 enim
1232 1585 1409 1627 nemo
1439 1573 1731 1646 parentat.
1791 1573 1858 1625 tu
1888 1573 2117 1638 autem,
2150 1564 2446 1640 Scintilla,
2496 1568 2615 1629 noli

464 1652 731 1732 zelotypa
764 1669 913 1713 esse.
946 1651 1118 1713 crede
1147 1651 1311 1725 mihi,
1339 1659 1396 1712 et
1413 1670 1515 1712 vos
1539 1650 1828 1712 novimus.
1861 1651 1946 1711 sic
1970 1668 2064 1711 me
2088 1651 2310 1713 salvum
2333 1651 2617 1725 habeatis,
2669 1663 2727 1713 15

463 1745 530 1796 ut
575 1754 684 1816 ego
731 1737 815 1798 sic
859 1734 1118 1798 solebam
1162 1735 1452 1817 ipsumam
1483 1753 1674 1797 meam
1703 1734 2080 1810 debattuere,
2125 1744 2193 1796 ut
2222 1736 2397 1796 etiam
2427 1735 2617 1798 domi-

465 1838 580 1882 nus
635 1821 1064 1902 suspicaretur3
1121 1831 1182 1881 et
1236 1822 1367 1882 ideo
1425 1840 1521 1882 me
1577 1821 1638 1881 in
1698 1819 2089 1882 vilicationem
2147 1821 2442 1899 relegavit.
2514 1824 2618 1884 sed

461 1914 612 1979 tace,
642 1906 876 1985 lingua,
907 1906 1059 1971 dabo
1091 1906 1342 1986 panem’.
1401 1915 1684 1986 tanquam
1730 1905 1996 1967 laudatus
2024 1915 2180 1968 esset
2220 1907 2619 1985 nequissimus

462 2009 684 2066 servus,
730 1991 1032 2052 lucernam
1077 1993 1148 2052 de
1193 1990 1330 2052 sinu
1373 1992 1611 2053 fictilem
1657 1990 1903 2071 protulit
1946 2000 2006 2051 et
2044 1990 2295 2072 amplius
2323 1993 2620 2053 semihora

462 2075 756 2138 tubicines
812 2076 1068 2138 imitatus
1126 2085 1215 2138 est
1269 2078 1617 2139 succinente
1663 2076 1936 2136 Habinna
1993 2086 2053 2137 et
2095 2077 2344 2138 inferius
2387 2076 2617 2138 labrum
2664 2087 2722 2137 2⁰

461 2178 644 2223 manu
688 2161 1076 2241 deprimente.
1139 2161 1343 2224 ultimo
1391 2162 1566 2223 etiam
1611 2161 1672 2222 in
1704 2161 1961 2222 medium
2007 2162 2297 2241 processit
2340 2170 2399 2222 et
2441 2165 2619 2223 modo

461 2247 892 2310 harundinibus
949 2247 1178 2327 quassis
1236 2249 1547 2310 choraulas
1591 2247 1849 2309 imitatus
1895 2254 2016 2321 est,
2062 2246 2238 2308 modo
2283 2246 2620 2311 lacernatus

461 2352 596 2394 cum
627 2334 853 2413 flagello
884 2334 1216 2395 mulionum
1246 2336 1360 2396 fata
1393 2335 1544 2413 egit,
1590 2332 1783 2394 donec
1811 2342 2083 2393 vocatum
2116 2334 2186 2394 ad
2218 2351 2281 2394 se
2313 2332 2619 2395 Habinnas

460 2419 719 2493 basiavit,
749 2419 1174 2499 potionemque
1204 2420 1290 2480 illi
1335 2419 1602 2499 porrexit
1646 2427 1703 2479 et
1746 2423 1930 2480 ‘tanto
1962 2418 2187 2479 melior’
2216 2417 2413 2497 inquit
2443 2418 2618 2481 ‘Mas-

458 2522 540 2578 sa,
572 2504 730 2566 dono
761 2503 869 2564 tibi
901 2503 1149 2583 caligas’.
2087 2578 2098 2582 β
2660 2511 2716 2562 25

625 2608 736 2650 nec
767 2588 922 2650 ullus
966 2597 1053 2648 tot
1083 2589 1371 2648 malorum
1406 2588 1543 2649 finis
1574 2588 1813 2662 fuisset,
1862 2587 1975 2649 nisi
2016 2587 2311 2668 epidipnis
2342 2596 2497 2649 esset
2530 2589 2613 2648 al-

455 2674 607 2747 lata,
653 2674 813 2735 turdi
858 2672 1110 2752 siliginei
1156 2673 1281 2734 uvis
1311 2672 1497 2752 passis
1527 2672 1902 2751 nucibusque
1932 2674 2089 2735 farsi.
2164 2674 2430 2735 insecuta
2474 2684 2617 2734 sunt

458 2758 720 2838 Cydonia
751 2758 925 2819 etiam
960 2758 1107 2818 mala
1138 2757 1326 2837 spinis
1358 2758 1607 2831 confixa,
1640 2768 1705 2817 ut
1733 2757 1979 2819 echinos
2010 2758 2334 2820 efficerent.
2380 2767 2439 2818 et
2466 2758 2615 2820 haec

454 2843 695 2921 quidem
727 2842 1055 2903 tolerabilia
1102 2850 1302 2913 erant,
1362 2842 1409 2904 si
1472 2862 1590 2903 non
1648 2843 1960 2904 fericulum
2005 2844 2179 2921 longe
2224 2843 2615 2906 monstrosius

455 2928 775 3001 effecisset,
821 2936 888 2987 ut
916 2928 1007 2988 vel
1038 2929 1190 2989 fame
1222 2928 1416 3008 perire
1451 2928 1772 2990 mallemus.
1833 2947 1971 2990 nam
2003 2946 2137 2989 cum
2167 2929 2395 3008 positus
2438 2938 2613 3002 esset,
2657 2935 2715 2987 ³⁰

452 3021 520 3072 ut
550 3032 661 3074 nos
705 3012 1086 3092 putabamus,
1131 3032 1306 3075 anser
1336 3013 1511 3075 altilis
1541 3014 1816 3092 circaque
1854 3014 2047 3093 pisces
2076 3021 2135 3074 et
2166 3015 2361 3075 omnia
2393 3032 2613 3093 genera

451 3097 676 3171 avium,
725 3095 937 3159 ‘amici'
968 3098 1162 3177 inquit
1191 3098 1548 3160 Trimalchio
1594 3099 1895 3178 ‘quicquid
1940 3098 2148 3160 videtis
2194 3099 2289 3160 hic
2334 3099 2611 3179 positum,

455 3182 526 3243 de
557 3202 679 3244 uno
711 3200 965 3263 corpore
995 3192 1085 3244 est
1113 3184 1368 3245 factum’.
1444 3202 1582 3263 ego,
1628 3184 1852 3246 scilicet
1880 3184 2057 3245 homo
2087 3183 2608 3265 prudentissimuS,

453 3268 647 3329 statim
692 3268 954 3330 intellexi
997 3270 1137 3347 quid
1183 3276 1369 3343 esset,
1416 3278 1476 3330 et
1518 3269 1841 3350 respiciens
1872 3271 2376 3348 Agamemnonem
2407 3270 2607 3329 ‘mira-

453 3352 583 3414 bor’
626 3353 868 3433 inquam
900 3354 1033 3415 ‘nisi
1067 3354 1261 3415 omnia
1308 3354 1414 3416 ista
1447 3354 1519 3415 de
1545 3354 1683 3434 fimo
1728 3357 1876 3416 facta
1920 3362 2061 3415 sunt
2093 3362 2193 3415 aut
2223 3363 2383 3416 certe
2414 3353 2487 3415 de
2518 3354 2610 3415 lu·
2654 3360 2714 3411 35

454 3447 532 3500 to.
594 3438 706 3500 vidi
736 3439 959 3500 Romae
988 3438 1398 3501 Saturnalibus
1431 3439 1718 3501 eiusmodi
1764 3458 2045 3500 cenarum
2093 3440 2409 3519 imaginem
2441 3440 2610 3501 fieri'.

346 3525 424 3586 70
441 3523 694 3585 necdum
744 3525 1014 3586 finieram
1059 3543 1429 3597 sermonem,
1478 3542 1611 3585 cum
1644 3524 1999 3585 Trimalchio
2044 3525 2155 3586 ait:
2204 3526 2299 3586 ‘ita
2347 3541 2606 3586 crescam

450 3608 827 3688 patrimonio,
858 3628 979 3669 non
1006 3627 1277 3690 corpore,
1308 3617 1375 3670 ut
1403 3608 1513 3670 ista
1543 3627 1722 3671 cocus
1743 3628 1912 3671 meus
1948 3610 2019 3671 de
2056 3629 2241 3691 porco
2278 3610 2436 3671 fecit.
2481 3629 2607 3671 non

450 3702 648 3773 potest
690 3712 818 3755 esse
863 3695 1176 3774 pretiosior
1219 3695 1416 3756 homo.
1478 3695 1762 3770 volueris,
1823 3694 1893 3756 de
1936 3697 2104 3757 vulva
2149 3696 2322 3757 faciet
2363 3696 2606 3774 piscem,

449 3779 522 3839 de
550 3778 714 3839 lardo
745 3778 1118 3857 palumbum,
1165 3779 1237 3841 de
1281 3799 1468 3859 perna
1513 3789 1837 3852 turturem,
1884 3782 1956 3841 de
2001 3781 2265 3861 colaepio
2311 3779 2605 3859 gallinam.
2648 3788 2707 3837 40

621 3917 644 3966 1
686 3913 1004 3966 immiscebat
1037 3914 1164 3965 olim
1197 3916 1394 3979 scripsi
1489 3917 1519 3966 2
1553 3914 1723 3966 lassus
1760 3918 1930 3965 tamen
1964 3912 1973 3979 l
2005 3911 2234 3965 dedisset
2260 3913 2335 3979 113
2372 3913 2605 3979 nunquid

447 3980 623 4033 didicit
646 3981 666 4049 ss
693 3985 726 4034 4
760 3980 969 4033 audibat
994 3981 1015 4048 ΙΙ
1041 3985 1071 4034 5
1109 3981 1407 4047 desperatus
1481 3985 1511 4035 8
1547 3996 1869 4034 nummorum
1896 3982 1917 4050 u
1943 3983 2005 4033 27
2048 3981 2251 4047 siligine
2276 3981 2296 4048 ΙΙ
2356 3983 2422 4033 28
2449 3978 2605 4031 effin-

446 4058 625 4116 gerent
660 4051 905 4101 Heinsius
939 4048 959 4117 ΙΙ
991 4051 1051 4101 31
1092 4050 1316 4101 omnium
1355 4049 1376 4116 ΙΙ
1412 4052 1478 4103 35
1515 4048 1714 4102 defacta
1764 4053 1816 4099 et
1860 4052 1919 4101 in
1966 4052 2212 4115 margine
2259 4049 2324 4102 al.
2361 4048 2604 4101 defuncta
