2881 4580
1181 269 1463 323 SA'mRAE
2270 274 2394 334 107

143 454 193 505 L
231 444 599 522 Eumolpum
658 443 817 504 venit
859 452 921 503 et
964 442 1382 504 commendare
1425 443 1645 505 liberos
1687 463 1829 505 suos
1871 445 2001 506 eius
2045 447 2395 525 prudentiae

230 530 612 608 bonitatique
1265 529 1510 590 credere
1538 548 1604 590 se
1628 539 1695 590 et
1725 537 1855 590 uota
1882 549 2009 592 sua.
2070 531 2234 592 illum
2262 551 2396 594 esse

230 616 427 676 solum
467 614 539 674 in
576 623 714 675 »toto
757 612 905 674 orbe
943 622 1274 689 terrarum,
1322 614 1422 693 qui
1468 614 1800 693 praeceptis
1844 615 2019 676 etiam
2062 617 2398 679 salubribus

233 701 541 761 instruere
584 700 828 760 iuvenes
869 699 1134 777 quetidie
1178 708 1395 778 posset.
1470 700 1540 760 ad
1586 718 1907 775 summam,
1950 701 2288 781 relinquere
2330 722 2396 764 se

151 801 184 849 5
230 804 459 864 pueros
489 785 550 846 in
587 786 765 846 domo
797 783 1090 864 Eumolpi,
1123 793 1190 845 ut
1217 783 1382 844 illum
1414 784 1760 863 loquentem
1791 785 2064 847 audirent

232 889 386 949 quae
430 869 571 941 isola
615 878 817 948 posset
860 869 1152 930 hereditas
1195 868 1508 931 iuvenibus
1538 871 1694 931 dari.
1778 888 1889 931 nec
1933 871 2102 932 aliter
2144 871 2284 932 fecit
2328 890 2395 932 ac

231 956 496 1029 dixerat,
530 955 828 1033 filiamque
857 954 1349 1034 speciosissimam
1383 973 1516 1015 cum
1550 957 1731 1016 fratre
1763 955 1994 1033 ephebo
2025 957 2086 1016 in
2119 956 2392 1018 cubiculo

231 1041 483 1119 reliquit
543 1039 951 1118 simulavitque
997 1059 1061 1100 ee
1105 1040 1167 1100 in
1213 1040 1501 1117 templum
1546 1040 1633 1100 ire
1677 1041 1746 1101 ad
1789 1050 1923 1101 vota
1970 1041 2393 1121 nuncupanda.

232 1126 593 1206 Eumolpus,
618 1125 727 1204 qui
747 1134 872 1185 >tam
903 1124 1061 1203 frugi
1090 1132 1218 1185 erat
1245 1133 1313 1184 ut
1340 1124 1421 1184 illi
1453 1125 1625 1185 etiam
1656 1144 1769 1204 ego
1799 1143 1952 1204 puer
1977 1127 2226 1200 viderer,
2270 1146 2391 1188 non

129 1222 188 1272 10
213 1211 466 1273 distulit
505 1209 768 1290 puellam
813 1210 1059 1272 invitare
1102 1209 1174 1269 ad
1211 1210 1501 1288 pigiciaca
1546 1228 1727 1271 sacra.
1789 1211 1891 1271 sed
1916 1221 1981 1273 et
2010 1212 2392 1291 podagricum

111 1314 124 1353 2
230 1316 299 1357 se
331 1314 461 1358 esse
493 1296 950 1374 lumborumque
981 1295 1313 1356 solutorum
1346 1294 1624 1357 omnibus
1654 1296 2006 1370 dixerat‚'et
2034 1297 2083 1358 si
2115 1316 2238 1357 non
2262 1316 2392 1359 ser-

229 1390 430 1443 vasset
458 1381 747 1461 integram
780 1381 1234 1454 simulationem,
1265 1380 1705 1460 periclitabatur
1733 1390 1914 1441 totam
1944 1400 2133 1461 paene
2162 1390 2394 1460 tragoe-

231 1468 393 1528 diam
427 1476 709 1527 evertere.
768 1466 968 1545 itaque
997 1475 1066 1526 ut
1094 1473 1393 1526 constaret
1419 1465 1729 1526 mendacio
1760 1465 1907 1527 fides
1926 1512 1942 1539 ,
1974 1466 2227 1545 puellam
2262 1467 2393 1546 qui·

232 1554 373 1612 dem
406 1552 700 1625 exerevit,
731 1560 799 1612 ut
825 1552 1061 1612 sederet
1089 1569 1273 1631 super
1293 1552 1767 1612 commendatam
1800 1551 2153 1625 bonitatem,
2184 1551 2392 1613 Coraci

130 1647 189 1697 15
232 1647 437 1698 autem
467 1637 807 1718 imperavit,
851 1647 921 1697 ut
945 1636 1186 1707 lectum,
1213 1636 1280 1696 in
1317 1654 1435 1715 quo
1464 1637 1592 1716 ipse
1622 1635 1868 1711 iacebat,
1899 1635 2128 1698 subiret
2157 1637 2392 1717 positis-

235 1741 357 1800 que
402 1723 461 1782 in
509 1723 843 1803 pavimento
888 1721 1161 1782 manibus
1205 1721 1512 1783 dominum
1555 1721 1772 1783 lumbis
1814 1723 1936 1784 suis
1977 1733 2392 1784 commoveret.

235 1809 336 1868 ille
380 1809 541 1868 lente
579 1807 828 1887 parebat
872 1806 1124 1886 imperio
1169 1807 1519 1885 puellaeque
1562 1806 1874 1869 artificium
1919 1807 2047 1887 pari
2091 1817 2251 1869 motu
2292 1827 2393 1870 re-

233 1892 607 1954 munerabat.
667 1911 802 1956 cum
848 1910 990 1971 ergo
1035 1909 1132 1953 res
1174 1891 1244 1952 ad
1287 1893 1562 1954 effectum
1593 1902 1918 1972 spectaret,
1965 1892 2118 1953 clara
2148 1893 2391 1955 Eumol-

234 1998 353 2058 pus
397 1997 540 2039 voce
584 1977 1002 2039 embortabatur
1040 1976 1291 2050 Coraca,
1338 1986 1402 2038 ut
1444 1978 1728 2056 spissaret
1771 1979 2048 2039 officium.
2102 1978 2192 2040 sic
2236 1979 2394 2040 inter

129 2073 192 2125 20
231 2063 717 2126 mencennarium
755 2063 1122 2141 amicamque
1152 2063 1381 2141 pesitus
1403 2082 1593 2124 senex
1625 2063 1799 2124 veluti
1833 2063 2195 2124 oscilla-tione
2226 2064 2391 2124 lude-

235 2150 354 2210 bat.
414 2150 530 2209 hec
571 2149 757 2210 semel
798 2149 1134 2226 iterumque
1181 2148 1409 2227 ingenti
1456 2148 1612 2219 risu,
1652 2149 1831 2210 etiam
1876 2168 2016 2221 suo,
2063 2148 2392 2228 Eumolpus

234 2237 477 2297 fecerat.
537 2234 735 2314 itaque
781 2252 891 2313 ego
937 2251 1210 2313 quoque,
1257 2251 1332 2293 ne
1379 2232 1597 2295 desidia
1642 2233 2137 2296 consuetudinem
2177 2233 2389 2314 perde-

227 2339 392 2396 rem,
430 2320 580 2382 dum
622 2322 810 2381 frater
851 2319 1075 2381 son-oris
1118 2336 1259 2380 suae
1302 2327 1597 2378 automata
1624 2338 1735 2397 per
1758 2318 2093 2380 clostellum
2120 2320 2391 2394 miratur,

231 2406 455 2468 accessi
501 2415 927 2485 temptaturus,
974 2423 1049 2464 an
1097 2412 1401 2483 pateretur
1443 2403 1738 2464 iniuriam.
1800 2423 1912 2464 nec
1956 2423 2020 2465 se
2049 2404 2330 2465 reiciebat
2359 2424 2389 2465 a

126 2502 184 2551 25
232 2492 534 2553 blanditiis
565 2490 939 2552 doctissimus
969 2507 1151 2569 puer,
1185 2488 1289 2550 sed
1311 2506 1412 2548 me
1442 2506 1668 2549 numen
1698 2489 2008 2550 inimicum
2037 2487 2117 2551 ibi
2151 2508 2390 2569 quoque

232 2577 461 2638 invenit
1280 2599 1322 2690 π*

402 2745 502 2807 ‘dii
535 2745 788 2806 maiores
818 2753 980 2818 sunt,
1014 2744 1115 2823 qui
1143 2762 1240 2804 me
1271 2744 1669 2805 restituerunt
1690 2745 1750 2805 in
1787 2744 2107 2824 integrum.
2153 2744 2386 2806 Mercu·

226 2830 355 2892 rius
395 2830 595 2899 enim,
640 2830 742 2909 qui
786 2830 1009 2890 animas
1053 2829 1273 2890 ducere
1304 2839 1362 2890 et
1391 2830 1678 2890 reducere
1707 2829 1888 2904 solet,
1931 2830 2056 2892 suis
2078 2830 2389 2893 beneficiis

228 2916 486 2977 reddidit
511 2915 688 2990 mihi,
722 2916 880 2994 qued
912 2933 1123 2975 manns
1154 2914 1300 2975 irata
1331 2914 1728 2993 praeciderat,
1775 2924 1840 2977 ut
1866 2916 2017 2977 scias
2040 2934 2141 2977 me
2166 2917 2388 2995 gratio-

123 3011 184 3061 30
225 3001 447 3063 sionem
504 3019 634 3062 esse
682 3019 866 3080 quam
909 2999 1299 3061 Protesilaum
1344 3008 1446 3060 aut
1488 3017 1845 3080 quemquam
1886 3001 2069 3063 ⁴alium
2112 3002 2387 3082 antiquo-

231 3086 408 3148 rum?
468 3086 614 3147 haec
655 3086 891 3147 locutus
933 3084 1145 3147 sustuli
1188 3085 1450 3146 tunicam
1481 3084 1895 3166 Eumolpoque
1934 3105 2034 3148 me
2062 3095 2255 3148 tetum
2283 3107 2386 3166 a-p-

230 3172 496 3251 probavi.
556 3174 615 3232 at
650 3171 754 3233 ille
798 3171 992 3251 primo
1031 3170 1374 3243 exhorruit,
1413 3169 1628 3231 deinde
1659 3180 1726 3232 ut
1750 3171 2074 3250 plurimam
2104 3172 2387 3244 crederet,

231 3266 487 3337 utraque
519 3275 699 3317 manu
723 3258 975 3318 deorum
1006 3255 1292 3317 beneficia
1322 3263 1534 3315 tractat

1292 3362 1324 3397 :k

403 3426 735 3500 ‘SocrateS,
773 3427 1025 3487 deorum
1058 3425 1558 3504 hominumque*
1581 3472 1597 3499 ,
1634 3424 1877 3503 gloriari
1921 3423 2178 3497 solebat,
2220 3425 2384 3503 quod
2497 3462 2502 3468 -

125 3523 185 3573 35
230 3530 542 3591 nunquam
583 3530 779 3590 neque
824 3511 884 3572 in
913 3510 1225 3571 tabernam
1255 3521 1649 3590 conspexerat
1678 3527 1790 3571 nec
1819 3508 1995 3570 ullius
2027 3509 2234 3571 turbae
2266 3510 2384 3571 fre—

231 3597 564 3677 quentioris
608 3596 862 3658 concilio
908 3596 1113 3657 oculos
1155 3616 1298 3658 suos
1340 3596 1687 3657 crediderat.
1748 3595 1893 3660 adeo
1924 3594 2073 3655 nihil
2100 3603 2193 3656 est
2220 3613 2382 3656 com·

232 3683 466 3744 modius
497 3700 672 3761 quam
705 3699 940 3762 semper
983 3700 1118 3742 cum
1149 3681 1438 3761 sapientia
1472 3680 1674 3759 loqui.'

404 3905 429 3956 1
470 3907 528 3953 ut
557 3898 941 3953 commendaret
961 3901 1231 3952 Iacobsius
1252 3900 1271 3965 ΙΙ
1300 3900 1330 3950 2
1356 3914 1412 3950 se
1427 3913 1554 3964 spes
1589 3902 1643 3950 et
1661 3898 1925 3963 Heinsius,
1952 3913 2010 3951 se
2026 3899 2081 3950 ei
2104 3896 2344 3950 Rohdius
2371 3899 2387 3958 u

236 3973 298 4021 10
332 3968 571 4032 fortasse
606 3969 820 4036 physica
871 3968 890 4035 ΙΙ
941 3972 1001 4020 17
1041 3968 1198 4020 lento.
1270 3969 1519 4017 omissum
1554 3964 1789 4028 fortasse
1817 3966 2039 4034 impulsu
2071 3966 2387 4035 {puellaque

236 4037 471 4104 Caper-us
496 4038 516 4104 ΙΙ
544 4039 607 4091 33
644 4035 948 4088 beneficium
987 4036 1371 4101 Scaligeranm
