2881 4580
136 480 218 532 Lo

191 2782 234 2834 L

191 3119 219 3167 5

167 3543 220 3595 10

1186 290 1473 345 SATfflAE
2329 294 2367 353 6
2377 295 2408 353 1

550 463 942 525 consentiunt
969 464 1315 539 luminibus,
1349 466 1702 527 fulmineum
1736 465 1909 527 iubar

552 548 819 610 incendit
848 567 1073 627 aequor
1102 549 1407 629 sibilisque
1436 552 1633 612 undae
1664 552 1944 613 fremunt.
2188 564 2247 613 40

552 642 836 713 stupuere
870 644 1119 696 mentes.
1180 635 1386 697 infulis
1414 636 1655 698 stabant
1684 637 1837 697 sacri

553 719 934 799 Phrygioque
965 720 1126 781 cultu
1160 721 1394 800 gemina
1428 722 1550 782 nati
1583 721 1834 801 pignora

553 803 877 866 Lauconte.
939 824 1090 884 quos
1119 818 1367 886 repente
1397 805 1737 886 tergoribus
1767 806 1953 886 ligant

555 907 781 968 angues
811 890 1065 951 corusci.
1124 892 1397 970 parvulas
1427 892 1508 953 illi
1539 909 1752 953 manus

555 975 624 1034 ad
657 992 761 1035 ora
792 975 1080 1050 referunt,
1115 984 1327 1037 neuter
1357 977 1575 1038 auxilio
1605 976 1736 1050 sibi,
2189 988 2248 1037 45

554 1068 808 1139 uterque
836 1060 1038 1121 fratri:
1070 1062 1371 1124 transtulit
1401 1062 1589 1142 pietas
1618 1062 1774 1123 vices

555 1163 838 1223 morsque
869 1145 996 1225 ipsa
1028 1146 1277 1208 miseros
1307 1156 1517 1208 mutuo
1549 1147 1744 1226 perdit
1773 1155 1952 1207 metu.

557 1230 889 1291 accumulat
920 1249 1059 1292 ecce
1091 1232 1342 1293 liberum
1375 1233 1558 1293 funus
1588 1249 1824 1311 parens,

555 1315 831 1377 infirmus
861 1316 1187 1377 auxiliator.
1248 1317 1538 1378 invadunt
1566 1316 1755 1376 virum

555 1400 667 1461 iam
693 1410 884 1462 morte
909 1403 1056 1480 pasti
1080 1401 1464 1481 membraque
1493 1401 1562 1462 ad
1595 1409 1814 1461 terram
1844 1401 2106 1461 trahunt.
2193 1410 2252 1459 50

557 1485 708 1547 iacet
737 1486 1017 1548 sacerdos
1046 1487 1206 1548 inter
1235 1505 1365 1549 aras
1394 1487 1628 1548 victima

553 1579 894 1650 terramque
924 1571 1169 1651 plangit.
1230 1573 1315 1634 sic
1346 1571 1672 1652 profanatis
1701 1569 1882 1631 sacris

556 1655 822 1735 peritura
851 1656 1028 1718 Troia
1059 1657 1312 1737 perdidit
1345 1658 1604 1738 primum
1638 1657 1797 1717 deos.

641 1740 755 1802 iam
788 1742 964 1821 plena
994 1743 1234 1804 Phoebe
1265 1743 1580 1804 candidum
1614 1740 1903 1802 extulerat
1931 1740 2104 1803 iubar

556 1825 786 1887 minora
820 1826 1046 1889 ducens
1076 1835 1229 1889 astra
1261 1828 1514 1889 radianti
1547 1829 1690 1898 face,
2194 1837 2253 1888 55

559 1929 693 1971 cum
728 1912 886 1973 inter
917 1913 1182 1992 sepultos
1213 1913 1539 1974 Priamidas
1571 1921 1748 1973 nocte
1781 1919 1840 1972 et
1868 1928 2034 1971 mero

557 1996 744 2057 Danai
775 1997 1044 2058 relaxant
1074 1998 1326 2060 claustra
1359 2008 1420 2059 et
1450 1998 1769 2059 effundunt
1796 1997 1970 2057 viros.

556 2090 855 2162 temptant
884 2082 943 2143 in
981 2083 1160 2144 armis
1189 2102 1252 2145 se
1284 2084 1488 2158 duces,
1536 2101 1648 2143 ceu
1678 2082 1779 2142 ubi
1811 2081 1963 2142 solet

560 2167 719 2227 nodo
750 2167 1032 2229 remissus
1062 2168 1325 2230 Thessali
1358 2168 1698 2249 quadrupes
1728 2166 1848 2243 iugi

559 2252 847 2314 cervicem
882 2261 942 2314 et
970 2252 1115 2315 altas
1146 2263 1391 2334 quatere
1423 2254 1491 2315 ad
1527 2269 1841 2314 excursum
1875 2249 2064 2314 iubas.
2194 2261 2253 2313 60

559 2337 785 2416 gladios
815 2346 1156 2412 retractant,
1190 2347 1570 2401 commovent
1600 2337 1776 2398 orbes
1803 2354 1985 2397 manu

558 2422 900 2502 bellumque
928 2437 1192 2486 sumunt.
1253 2425 1350 2486 hic
1379 2442 1586 2503 graves
1617 2422 1766 2483 alius
1794 2439 1960 2481 mero

564 2508 884 2570 obtruncat
914 2519 973 2570 et
1003 2510 1315 2572 continuat
1345 2510 1405 2570 in
1435 2517 1688 2570 mortem
1720 2507 1983 2567 ultimam

564 2611 827 2679 somnoS,
861 2593 933 2654 ab
966 2595 1083 2656 aris
1113 2595 1262 2658 alius
1293 2594 1562 2656 accendit
1591 2595 1751 2654 faces

564 2687 894 2758 contraque
923 2680 1110 2741 Troas
1140 2680 1375 2742 invocat
1404 2679 1618 2740 Troiae
1648 2677 1852 2739 sacra.'
2198 2685 2256 2735 65

434 2760 448 2843 Ι
491 2783 526 2822 ια
558 2782 631 2824 ex
661 2764 741 2837 is,
774 2765 877 2842 qui
908 2765 968 2826 in
1002 2766 1334 2844 porticibus
1367 2765 1805 2845 spatiabantur,
1836 2762 2058 2843 lapides
2087 2760 2147 2822 in
2181 2760 2426 2823 Eumol·
2446 2768 2529 2830 90

257 2867 403 2928 pum
431 2848 781 2909 recitantem
816 2850 1126 2912 miserunt.
1188 2861 1246 2912 at
1292 2851 1421 2922 ille,
1470 2851 1571 2929 qui
1617 2850 1889 2929 plausum
1935 2847 2160 2927 ingenii
2190 2847 2283 2909 sui
2314 2867 2427 2908 no-

256 2942 453 3008 verat,
503 2934 740 3013 operuit
769 2945 948 3015 caput
979 2945 1265 3014 extraque
1298 2936 1587 3016 templum
1618 2934 1900 3014 profugit.
1960 2933 2131 2994 timui
2162 2952 2304 3013 ego,
2352 2952 2428 2994 ne

258 3036 353 3080 me
382 3027 622 3099 poetam
666 3028 921 3081 vocaret.
982 3020 1181 3100 itaque
1227 3021 1585 3084 subsecutus
1629 3020 1956 3099 fugientem
1991 3020 2059 3079 ad
2107 3018 2246 3081 litus
2292 3037 2429 3099 per-

262 3104 416 3176 veni,
463 3113 524 3165 et
566 3114 633 3165 ut
664 3105 923 3184 primum
954 3115 1119 3167 extra
1150 3107 1251 3167 teli
1282 3106 1620 3167 coniectum
1653 3106 1822 3166 licuit
1852 3105 2198 3174 consistere,
2244 3103 2430 3183 ‘rogo'

259 3188 503 3268 inquam
535 3189 693 3269 ‘quid
727 3190 833 3251 tibi
864 3191 951 3252 vis
981 3210 1115 3252 cum
1149 3192 1261 3254 isto
1291 3189 1549 3253 morbo?
1594 3191 1792 3252 minus
1838 3207 2013 3269 quam
2058 3189 2289 3251 duabus
2316 3190 2429 3249 ho-

259 3274 340 3335 ris
385 3292 619 3336 mecum
664 3277 947 3349 morariS,
994 3286 1055 3337 et
1098 3278 1335 3357 saepius
1377 3277 1611 3356 poetice
1656 3294 1834 3355 quam
1876 3276 2135 3336 humane
2194 3274 2430 3335 locutus

260 3377 342 3420 eS.
406 3360 605 3438 itaque
640 3380 764 3421 non
799 3362 1015 3437 miror,
1061 3363 1109 3423 si
1142 3371 1199 3423 te
1232 3364 1492 3443 populus
1535 3361 1830 3441 lapidibus
1860 3359 2257 3440 persequitur.
2317 3377 2428 3438 ego

259 3461 503 3524 quoque
531 3446 730 3507 sinum
772 3465 971 3507 meum
1004 3448 1157 3509 saxis
1202 3448 1501 3522 onerabo,
1546 3457 1613 3508 ut
1659 3447 2132 3526 quotiescunque
2162 3444 2432 3523 coeperis

259 3546 291 3589 a
333 3541 396 3590 te
441 3531 636 3605 exire,
681 3532 1033 3611 sanguinem
1079 3533 1185 3594 tibi
1231 3553 1261 3593 a
1308 3534 1499 3614 capite
1543 3531 1808 3593 mittam'.
1869 3530 2052 3591 movit
2081 3530 2177 3590 ille
2206 3529 2430 3592 vultum

263 3623 322 3675 et
352 3619 408 3674 ‘o
440 3614 541 3676 mi'
570 3616 767 3694 inquit
799 3617 1198 3693 ‘adulescenS,
1247 3638 1370 3679 non
1417 3619 1592 3680 hodie
1621 3617 1880 3697 primum
1914 3615 2251 3696 auspicatus
2279 3634 2430 3678 sum.

436 3852 503 3902 39
540 3855 755 3918 pontum
792 3852 945 3905 iubae
983 3852 1316 3905 convestiunt
1340 3853 1610 3918 Hauptius
1641 3857 1763 3918 post
1794 3852 2074 3904 luminibus
2098 3850 2436 3902 inter-cidisse

263 3933 475 3969 versum
524 3923 709 3983 ratus,
768 3935 868 3985 ego
918 3922 1227 3987 anguineum
1267 3923 1531 3986 proposui
1575 3921 1595 3988 ΙΙ
1644 3923 1710 3973 40
1756 3924 1979 3973 tremunt
2029 3918 2049 3988 ΙΙ
2094 3921 2159 3973 58
2205 3934 2298 3972 ceu
2345 3919 2433 3987 qui

261 3986 475 4039 Ber-am
501 3984 612 4054 1159
646 3988 784 4040 nudo
823 3988 842 4056 ΙΙ
881 3991 945 4043 63
983 3994 1186 4041 noctem
1222 3988 1408 4039 Dousa
1431 3988 1453 4055 ΙΙ
1479 3992 1546 4041 64
1581 3989 1747 4040 avaris
1785 3989 1804 4055 11
1839 3993 1873 4042 4
1908 3990 2253 4054 expectabam
2287 3992 2435 4055 puta·

264 4059 381 4107 rent
417 4055 438 4123 ΙΙ
479 4058 542 4107 10
579 4056 763 4119 movit]
801 4059 933 4108 haec
968 4063 1020 4108 et
1053 4058 1118 4109 de
1149 4059 1421 4124 proximis
1457 4059 1735 4124 complura
1771 4061 1831 4108 in
1867 4060 2044 4109 artius
2077 4057 2299 4108 redacta
