2881 4580
1166 296 1446 359 sarman
2302 303 2378 364 11

143 487 195 539 L
234 481 432 541 facere
477 477 685 551 debui,
733 496 869 539 cum
898 480 1052 540 fame
1083 476 1394 539 morerer?
1438 496 1514 540 an
1544 478 1815 541 videlicet
1843 478 2107 540 audirem
2135 488 2383 541 senten-

227 567 369 638 tias,
415 563 475 625 id
524 573 612 626 est
653 564 837 625 vitrea
881 565 1063 624 fracta
1096 572 1154 624 et
1182 564 1554 625 somniorum
1585 561 2154 645 interpretamenta?
2195 564 2382 625 multo

229 669 325 712 me
367 648 603 729 turpior
632 667 698 710 es
729 656 791 709 tu
820 649 1091 722 hercule,
1124 648 1225 727 qui
1255 657 1324 710 ut
1353 649 1497 711 foris
1527 666 1799 726 cenares,
1833 658 2066 730 poetam
2096 648 2382 711 laudasti’.

330 748 331 753 ’
402 735 606 813 itaque
637 752 709 795 ex
739 734 1076 814 turpissima
1106 734 1207 795 lite
1238 734 1298 795 in
1330 734 1514 795 risum
1540 734 1736 796 diffusi
1765 736 2028 815 pacatius
2059 734 2129 795 ad
2154 734 2382 815 reliqua

156 831 193 881 5
232 820 586 883 secessimus

1298 925 1332 963 *

401 1008 613 1050 rursus
657 988 715 1050 in
760 988 1103 1048 memoriam
1158 997 1466 1050 revocatus
1511 989 1759 1051 iniuriae
1805 988 2088 1070 ‘Ascylte'
2133 988 2377 1067 inquam

233 1075 537 1154 ‘intellego
586 1073 758 1134 nohis
802 1072 1122 1134 convenire
1168 1092 1287 1134 non
1337 1093 1532 1154 posse.
1594 1076 1793 1154 itaque
1822 1091 2169 1135 communes
2198 1075 2380 1135 sarci·

234 1161 404 1222 nulas
426 1159 749 1241 partiamur
766 1176 834 1219 ac
858 1166 1261 1238 paupertatem
1287 1168 1548 1220 nostram
1574 1160 1815 1240 privatis
1837 1158 2177 1239 quaestibus
2189 1167 2382 1238 temp·

231 1255 428 1308 temus
474 1244 787 1324 expellere.
846 1252 905 1305 et
948 1252 1012 1304 tu
1060 1243 1257 1305 literas
1299 1243 1415 1306 scis
1459 1253 1519 1305 et
1563 1263 1693 1324 ego.
1757 1263 1830 1306 ne
1876 1244 2214 1324 quaestibus
2263 1244 2383 1306 tuis

123 1340 192 1391 10
235 1331 500 1404 obstem,
544 1328 700 1390 aliud
745 1328 962 1409 aliquid
1006 1328 1382 1408 promittam;
1427 1328 1647 1408 alioqui
1691 1330 1849 1391 mille
1880 1348 2090 1392 causae
2118 1330 2380 1408 quotidie

234 1434 352 1477 nos
381 1413 663 1476 collident
692 1422 753 1475 et
781 1432 889 1494 per
917 1422 1101 1474 totam
1133 1415 1341 1475 urbem
1387 1413 1728 1477 rumoribus
1756 1414 2070 1476 different’.
2134 1432 2253 1475 non
2287 1432 2380 1474 re-

234 1500 457 1563 cusavit
500 1498 768 1580 Ascyltos
812 1509 871 1560 et
914 1498 1126 1560 ‘hodie'
1170 1499 1366 1579 inquit
1409 1499 1564 1578 ‘quia
1608 1508 1888 1578 tanquam
1934 1499 2264 1562 scholastici
2309 1499 2378 1559 ad

232 1603 442 1648 cenam
488 1583 904 1664 promisimus,
950 1602 1074 1644 non
1119 1584 1435 1663 perdamus
1480 1593 1735 1646 noctem.
1795 1602 1924 1646 cras
1968 1593 2195 1657 autem,
2244 1584 2380 1664 quia

232 1672 349 1732 hoc
393 1669 572 1742 libet,
630 1678 690 1730 et
731 1668 1155 1730 habitationem
1196 1669 1341 1730 mihi
1384 1669 1742 1749 prospiciam
1788 1679 1847 1730 et
1890 1669 2068 1731 alium
2100 1669 2379 1731 fratrem'.

119 1765 187 1816 15
238 1757 491 1818 ‘tardum
522 1753 629 1816 est'
659 1754 898 1834 inquam
932 1754 1192 1815 ‘differre
1222 1755 1379 1833 quod
1412 1755 1623 1834 placet'

1294 1860 1328 1898 *

403 1925 561 1985 hanc
584 1932 700 1984 tam
724 1923 1104 2003 praecipitem
1131 1924 1476 1986 divisionem
1500 1924 1679 1986 libido
1704 1923 1988 1997 faciebat3
2020 1924 2132 1984 iam
2157 1924 2380 1987 dudum

232 2011 395 2072 enim
440 2009 671 2070 amoliri
715 2008 1025 2089 cupiebam
1083 2009 1386 2071 custodem
1431 2009 1773 2084 molestum,
1832 2018 1898 2069 ut
1941 2018 2196 2071 veterem
2243 2028 2381 2071 cum

231 2096 449 2157 Gitone
482 2112 614 2155 meo
644 2094 934 2154 rationem
966 2095 1310 2156 reducerem

1296 2200 1328 2238 *

402 2272 715 2346 postquam
762 2263 1000 2326 lustravi
1047 2264 1233 2327 oculis
1278 2272 1460 2326 totam
1505 2263 1744 2337 urbem,
1791 2263 1851 2323 in
1899 2262 2165 2326 cellulam
2211 2263 2376 2339 redii,
2403 2264 2473 2325 11

121 2361 186 2410 20
231 2351 539 2430 oculisque
581 2350 822 2411 tandem
864 2348 1021 2411 bona
1067 2349 1182 2411 fide
1227 2349 1447 2411 exactis
1492 2349 1665 2428 alligo
1711 2349 2017 2410 artissimis
2055 2350 2380 2430 complexi—

230 2436 347 2497 bus
378 2453 632 2517 puerum
662 2435 948 2514 fruorque
976 2434 1127 2496 votis
1157 2451 1347 2514 usque
1378 2435 1447 2495 ad
1482 2433 1754 2495 invidiam
1786 2433 2073 2496 felicibus.
2135 2453 2246 2495 nec
2276 2434 2380 2496 ad-

226 2522 351 2582 huc
396 2520 633 2599 quidem
681 2520 878 2580 omnia
922 2527 1095 2581 erant
1137 2519 1318 2590 facta,
1363 2537 1500 2581 cum
1531 2518 1796 2599 Ascyltos
1825 2517 2026 2578 furtim
2059 2538 2123 2580 se
2152 2519 2381 2581 foribus

230 2606 491 2667 admovit
534 2604 931 2684 discussisque
975 2604 1294 2666 fortissime
1339 2604 1607 2666 claustris
1652 2605 1876 2665 invenit
1905 2621 1999 2664 me
2030 2622 2163 2666 cum
2196 2606 2378 2666 fratre

229 2690 555 2752 ludentem.
613 2690 736 2751 risu
792 2690 989 2769 itaque
1042 2690 1372 2771 plausuque
1431 2689 1698 2751 cellulam
1756 2689 2049 2770 implevit,
2105 2697 2376 2770 opertum

118 2784 182 2834 25
226 2794 327 2837 me
374 2775 624 2837 amiculo
668 2775 882 2836 evolvit
925 2783 984 2836 et
1026 2776 1184 2853 ‘quid
1232 2774 1464 2854 agebas'
1510 2775 1704 2854 inquit
1747 2775 1949 2835 ‘frater
1993 2775 2377 2848 sanctissime,

228 2861 336 2940 qui
381 2852 588 2922 diverti
632 2860 1094 2922 contubernium
1130 2858 1334 2921 facis‘P
1382 2877 1494 2921 nec
1523 2878 1587 2921 se
1617 2859 1806 2921 solum
1839 2860 1993 2920 intra
2026 2860 2200 2922 verba
2232 2879 2377 2921 con-

225 2946 443 3018 tinuit,
488 2944 592 3007 sed
633 2945 827 3006 lorum
873 2945 945 3007 de
988 2964 1131 3026 pera
1175 2945 1345 3006 solvit
1375 2953 1434 3006 et
1462 2963 1556 3006 me
1587 2945 1786 3024 coepit
1817 2963 1935 3005 non
1969 2945 2378 3024 perfunctorie

224 3029 576 3104 verberare,
623 3030 866 3092 adiectis
909 3030 1083 3091 etiam
1128 3030 1531 3110 petulantibus
1574 3030 1773 3091 dictis:
1819 3029 1945 3136 ‘sic’
1956 3029 2212 3117 dividere
2242 3048 2376 3091 cum

225 3116 416 3177 fratre
451 3114 652 3176 nolito’

1292 3221 1324 3259 *

113 3292 178 3343 30
401 3283 783 3346 veniebamus
825 3285 885 3345 in
921 3284 1115 3345 forum
1146 3285 1455 3346 deficiente
1486 3284 1600 3344 iam
1630 3283 1755 3357 die,
1799 3283 1860 3344 in
1894 3301 2012 3362 quo
2045 3282 2375 3345 notavimus
2400 3283 2478 3345 12

222 3370 627 3449 frequentiam
670 3388 871 3431 rerum
915 3369 1239 3442 venalium,
1287 3388 1408 3430 non
1458 3370 1695 3447 quidem
1733 3367 2126 3447 pretiosarum
2156 3366 2259 3429 sed
2289 3376 2376 3427 ta—

224 3475 370 3517 men
416 3473 668 3534 quarum
711 3456 884 3516 fidem
916 3453 1067 3515 male
1112 3455 1512 3515 ambulantem
1541 3453 1871 3515 obscuritas
1899 3452 2183 3532 temporis
2212 3452 2378 3514 facil-

223 3541 368 3603 lime
399 3548 644 3620 tegeret.
704 3558 838 3601 cum
886 3557 1027 3618 ergo
1073 3549 1133 3600 et
1176 3539 1287 3620 ipsi
1331 3549 1566 3619 raptum
1597 3538 1906 3599 latrocinio
1938 3538 2176 3618 pallium
2208 3537 2378 3599 detu-

222 3626 521 3698 lissemuS,
545 3625 631 3686 uti
656 3625 966 3686 occasione
991 3625 1492 3705 opportunissima
1515 3624 1820 3703 coepimus
1838 3630 2013 3702 atque
2035 3622 2098 3684 in
2123 3622 2379 3703 quodam

110 3716 175 3768 35
221 3711 448 3790 angulo
494 3710 765 3772 laciniam
811 3719 1131 3771 extremam
1178 3720 1534 3782 concutere,
1580 3710 1630 3770 si
1659 3727 1835 3787 quem
1866 3709 2020 3769 forte
2050 3718 2378 3788 emptorem

223 3796 520 3877 splendor
561 3795 737 3856 vestis
780 3804 981 3874 posset
1023 3795 1332 3855 adducere.
1396 3812 1507 3855 nec
1537 3793 1635 3854 diu
1666 3800 1929 3855 moratus
1958 3795 2215 3855 rusticus
2245 3794 2378 3873 qui-

224 3883 363 3942 dam
397 3880 698 3942 familiaris
730 3880 915 3941 oculis
943 3880 1088 3941 meis
1117 3898 1255 3941 cum
1283 3878 1629 3940 muliercula
1661 3879 1874 3939 comite
1906 3879 2153 3960 propius
2183 3897 2381 3940 acces-

400 4000 432 4050 2
460 3996 699 4050 ‚vitream
751 3995 959 4048 fractam
994 3996 1013 4062 ΙΙ
1056 3999 1116 4050 11
1171 3994 1402 4048 delerent
1436 3995 1457 4062 ΙΙ
1497 3998 1562 4048 14
1612 3995 1835 4062 aliquem
1871 3996 1891 4063 u
1928 3998 1989 4049 18
2025 3993 2327 4047 deducerem
2360 3992 2379 4061 ΙΙ

222 4068 295 4119 26
332 4064 459 4133 quid
494 4064 547 4117 .i.
581 4064 1104 4117 verticontuhernium
1128 4064 1149 4131 Ι
1177 4065 1239 4117 31
1280 4063 1459 4116 talium
1495 4065 1769 4116 Iacobn’us
