2881 4580
1204 285 1485 339 SATIRAE
2332 288 2411 347 37

89 467 232 519 HLO
567 475 826 536 aequum
855 466 945 519 est
972 457 1219 520 induere
1250 468 1497 537 nuptam
1527 466 1765 519 ventum
1796 459 2078 532 textilem,

568 542 761 623 palam
791 551 1058 622 prostare
1089 543 1309 604 nudam
1340 544 1398 605 in
1433 544 1650 605 nebula
1679 542 1915 604 linea‘2'’

194 638 244 688 Η
439 626 451 711 Ι
493 627 654 706 quod
677 627 893 688 autem'
917 628 1110 707 inquit
1127 634 1424 708 ‘putamus
1443 630 1769 691 secundum
1793 628 1991 691 literas
2014 630 2416 692 difficillimum
2438 637 2521 699 56

265 732 397 776 esse
425 711 788 774 artificium?
847 731 958 791 ego
1001 722 1148 793 puto
1181 713 1476 776 medicum
1509 723 1570 775 et
1599 714 2092 776 nummularium:
2138 715 2419 789 medicus,

190 812 220 860 5
266 800 399 878 quit
424 797 541 860 scit
563 798 704 877 quid
735 799 1168 860 homunciones
1196 799 1353 859 intra
1376 798 1719 879 praecordia
1743 816 1849 860 sua
1869 799 2208 861 habeantet
2231 819 2423 880 quan-

266 885 341 944 do
373 883 564 945 febris
591 883 818 956 veniat,
861 883 1039 945 etiam
1084 884 1133 945 si
1178 883 1307 946 illos
1351 885 1449 945 odi
1494 884 1779 964 pessime,
1823 885 1986 963 quod
2029 885 2171 945 mibi
2213 885 2424 948 iubent

265 988 445 1049 saepe
476 969 778 1029 anatinam
807 970 1038 1048 parari3
1083 969 1545 1041 nummularius,
1591 970 1693 1048 qui
1734 987 1842 1049 per
1870 979 2181 1049 argentum
2211 989 2309 1032 aes
2337 972 2421 1031 vi-

267 1056 384 1116 det.
446 1072 585 1114 nam
631 1062 829 1114 mutae
872 1053 1095 1115 bestiae
1138 1053 1628 1116 laboriosissimae
1672 1053 1851 1116 boves
1908 1064 1968 1115 et
2011 1073 2177 1118 oves:
2224 1055 2422 1127 borea,

267 1156 529 1218 qnorum
561 1138 852 1200 beneficio
882 1157 1098 1220 panem
1128 1140 1586 1214 manducamus;
1620 1158 1775 1213 oves,
1806 1140 1966 1219 quod
1996 1140 2130 1201 lana
2158 1140 2290 1202 illae
2314 1160 2423 1204 nos

164 1235 222 1286 10
266 1225 561 1304 gloriosos
603 1223 846 1285 faciunt.
906 1234 967 1284 et
1011 1224 1239 1286 facinus
1282 1224 1626 1302 indignum,
1683 1224 1895 1304 aliquis
1951 1226 2180 1286 ovillam
2234 1235 2321 1288 est
2365 1235 2424 1287 et

268 1310 531 1371 tunicam
563 1307 759 1370 habet.
818 1327 960 1388 apes
989 1310 1147 1369 enim
1179 1327 1288 1389 ego
1319 1309 1546 1370 divinas
1574 1309 1791 1371 bestias
1819 1317 1984 1389 puto,
2010 1328 2161 1389 quae
2181 1312 2300 1372 mel
2320 1329 2422 1371 vo·

166 1401 464 1467 HLmunt,
493 1394 671 1456 etiam
699 1394 749 1455 si
793 1394 1075 1455 dicuntur
1117 1394 1262 1455 illud
1291 1412 1323 1453 a
1353 1394 1490 1455 love
1518 1394 1763 1467 afferre;
1814 1393 1824 1473 Ι
1878 1395 2011 1455 ideo
2040 1405 2235 1457 autem
2264 1414 2422 1474 pun-

270 1488 437 1558 gunt,
471 1479 608 1559 quia
638 1478 982 1558 ubicunque
1012 1479 1185 1540 dulce
1215 1488 1320 1552 est,
1352 1479 1435 1540 ibi
1466 1488 1526 1540 et
1552 1479 1784 1540 acidum
1815 1480 2118 1541 invenies’.

202 1573 253 1622 H
450 1563 461 1646 Ι
497 1565 614 1625 iam
644 1565 815 1625 etiam
862 1563 1249 1644 philosophos
1294 1564 1367 1625 de
1413 1564 1653 1644 negotio
1684 1564 1990 1636 deiciebat,
2020 1583 2157 1626 cum
2185 1564 2421 1643 pittacia

167 1660 223 1711 15
268 1650 329 1711 in
359 1649 586 1730 scypho
617 1650 984 1710 circumferri
1017 1658 1373 1729 coeperunt,
1418 1668 1691 1729 puerque
1719 1668 1903 1729 super
1931 1651 2044 1711 hoc
2072 1650 2302 1729 positus
2332 1651 2425 1710 of-

269 1735 470 1796 ficium
513 1735 878 1815 apophoreta
922 1735 1206 1795 recitavit.
1281 1738 1612 1815 ‘argentum
1657 1735 2055 1797 sceleratum’:
2124 1734 2294 1795 allata
2335 1743 2425 1797 est

269 1838 487 1899 perna,
528 1838 709 1900 super
739 1837 911 1899 quam
943 1820 1245 1881 acetabula
1289 1830 1460 1881 erant
1502 1821 1711 1899 posita.
1770 1820 2088 1882 ‘cervical’z
2133 1820 2271 1881 offla
2301 1821 2424 1881 col-

270 1905 411 1967 laris
440 1904 609 1966 allata
641 1913 748 1967 est.
812 1904 1107 1984 ‘serisapia
1153 1915 1213 1965 et
1254 1905 1661 1966 contumelia':
1706 1906 2094 1985 aecrophagie
2137 1905 2291 1967 saele
2321 1905 2424 1966 da-

268 2000 363 2051 tae
406 1999 551 2051 sunt
594 2000 652 2051 et
695 1998 909 2051 contus
950 2000 1088 2051 cum
1132 1990 1304 2050 malo.
1365 1991 1550 2069 ‘porri
1593 2000 1652 2051 et
1693 1991 1970 2070 persica’:
2026 1991 2321 2069 flagellum
2365 2000 2426 2053 et

168 2086 226 2135 2⁰
269 2075 527 2137 cultrum
559 2075 818 2154 accepit;
850 2080 1138 2155 ‘passeres
1166 2085 1224 2136 et
1264 2075 1675 2137 muscarium’:
1719 2094 1890 2136 uvam
1933 2094 2163 2155 passam
2209 2086 2272 2136 et.
2308 2076 2424 2136 mel
2535 2130 2538 2135 .

269 2160 552 2222 Atticum.
613 2161 932 2221 ‘cenatoria
962 2168 1021 2220 et
1060 2160 1366 2221 forensia’:
1413 2161 1609 2221 offlam
1640 2169 1700 2222 et
1727 2160 1957 2222 tabulas
1999 2161 2246 2241 accepit.
2307 2167 2424 2220 ‘ca-

275 2246 407 2307 nale
454 2254 514 2307 et
556 2245 812 2326 pedale':
872 2244 1041 2326 lepus
1086 2255 1146 2307 et
1187 2245 1345 2307 solea
1390 2255 1479 2308 est
1508 2245 1696 2307 allata.
1757 2250 2059 2306 ‘muraena
2105 2254 2164 2307 et
2204 2244 2421 2306 litera':

272 2350 502 2393 murem
533 2349 669 2392 cum
702 2349 843 2391 rana
872 2331 1100 2411 alligata
1144 2332 1483 2409 fascemque
1528 2330 1697 2391 betae
1739 2335 1965 2411 accepit.
2024 2331 2123 2392 diu
2154 2330 2421 2392 risimus:

271 2425 553 2479 sexcenta
577 2417 914 2478 huiusmodi
936 2417 1198 2490 fuerunt,
1216 2433 1367 2494 quae
1389 2416 1503 2476 iam
1530 2415 1881 2476 exciderunt
1902 2414 2219 2476 memoriae
2237 2433 2421 2475 meae.

169 2513 227 2563 25
443 2511 706 2564 ceterum
736 2502 1035 2581 Ascyltos,
1066 2501 1518 2580 intemperantis
1544 2500 1844 2573 licentiae,
1889 2518 2024 2561 cum
2056 2500 2253 2561 omnia
2281 2500 2421 2562 sub·
2444 2505 2523 2566 57

270 2588 404 2649 latis
449 2585 725 2648 manibus
768 2587 1037 2648 eluderet
1077 2596 1138 2647 et
1179 2605 1366 2664 usque
1411 2586 1484 2645 ad
1528 2585 1794 2647 lacrimas
1850 2586 2098 2658 rideret,
2152 2603 2311 2646 unus
2353 2604 2423 2646 ex

272 2672 620 2733 conlibertis
648 2671 1098 2733 Trimalchionis
1140 2671 1487 2744 excanduit,
1534 2671 1582 2732 is
1625 2671 1753 2751 ipse
1797 2671 1900 2750 qui
1942 2689 2123 2751 supra
2166 2688 2260 2731 me
2303 2670 2423 2733 dis-

271 2757 618 2831 cumbebat,
664 2765 725 2818 et
767 2757 925 2835 ‘quid
970 2756 1146 2817 rides'
1188 2756 1383 2835 inquit
1411 2755 1681 2817 ‘vervex‘l
1750 2775 1824 2817 an
1868 2756 1976 2817 tibi
2021 2775 2144 2817 non
2189 2755 2428 2835 placent

270 2842 533 2903 lautitiae
578 2841 803 2902 domini
847 2838 1006 2902 mei?
1071 2851 1134 2901 tu
1181 2842 1341 2902 enim
1385 2841 1614 2903 beatior
1658 2860 1721 2903 es
1764 2852 1825 2902 et
1867 2842 2175 2903 convivare
2217 2841 2427 2903 melius

167 2938 229 2988 ao
270 2928 448 2989 soles.
507 2928 588 2987 ita
621 2927 860 2989 tutelam
887 2926 1065 2987 huius
1093 2926 1209 2986 loci
1237 2926 1485 2986 habeam
1514 2927 1852 3006 propitiam,
1899 2936 1966 2988 ut
1993 2945 2104 3006 ego
2133 2926 2183 2988 si
2211 2945 2426 2989 secun-

272 3014 413 3074 dum
447 3012 610 3074 illum
641 3011 1106 3085 discumberem,
1152 3012 1267 3072 iam
1297 3011 1380 3072 illi
1410 3011 1668 3073 balatum
1698 3013 2013 3073 duxissem.
2068 3012 2286 3073 bellum
2317 3031 2426 3093 po-

257 3115 458 3169 mum,
492 3097 593 3177 qui
625 3097 887 3158 rideatur
908 3096 1084 3170 alios;
1113 3096 1360 3174 larifuga
1384 3097 1586 3157 nescio
1611 3097 1762 3175 quis,
1793 3106 2146 3169 nocturnus,
2177 3098 2278 3175 qui
2304 3116 2425 3158 non

274 3181 427 3244 valet
456 3182 661 3244 lotium
691 3201 884 3243 suum.
942 3181 1013 3241 ad
1044 3199 1352 3254 summam,
1383 3181 1433 3243 si
1464 3181 1962 3244 circumminxero
1989 3182 2173 3251 illum,
2203 3183 2431 3243 nesciet

275 3286 390 3346 qua
421 3268 624 3346 fugiat.
670 3286 792 3328 non
826 3266 1193 3328 mehercules
1222 3265 1384 3328 soleo
1416 3266 1534 3328 cito
1565 3268 1811 3341 fervere,
1834 3267 2021 3329 sedin
2047 3266 2223 3326 molle
2245 3274 2426 3326 carne

172 3362 231 3412 85
272 3370 501 3414 vermes
547 3360 892 3414 nascuntur.
965 3352 1133 3413 ridet.
1194 3351 1334 3431 quid
1379 3351 1589 3422 hahet,
1635 3353 1793 3431 quod
1837 3349 2065 3414 rideat?
2137 3351 2428 3428 numquid

272 3447 445 3518 pater
473 3439 657 3499 fetum
688 3438 831 3499 emit
857 3434 1098 3498 lamna?
1157 3454 1337 3515 eques
1367 3436 1672 3512 Romanus
1701 3456 1795 3499 es:
1839 3446 1900 3498 et
1927 3454 2038 3516 ego
2068 3435 2224 3515 regis
2252 3435 2427 3497 filius.

275 3531 501 3601 “quare
562 3540 706 3602 ergo
749 3522 1035 3584 servivisti
1050 3520 1119 3582 ‘2”
1178 3521 1314 3600 quia
1375 3522 1502 3601 ipse
1558 3540 1655 3582 me
1700 3522 1830 3583 dedi
1875 3521 1937 3582 in
1983 3521 2322 3582 servitutem
2370 3532 2430 3584 et

275 3608 453 3669 malui
483 3608 624 3669 civis
652 3607 958 3669 Romanus
999 3624 1128 3669 esse
1172 3624 1349 3685 quam
1392 3606 1755 3668 tributarius.
1817 3613 1877 3667 et
1918 3624 2082 3667 nunc
2124 3625 2300 3685 spero
2334 3626 2429 3668 me

273 3693 358 3753 sic
403 3693 630 3766 vivere,
673 3702 742 3753 ut
784 3693 1009 3754 nemini
1039 3692 1205 3753 iocus
1234 3692 1363 3753 sim.
1423 3692 1603 3752 homo
1636 3692 1792 3753 inter
1820 3691 2092 3753 homines
2119 3711 2282 3766 sum,
2328 3712 2427 3755 ca·

176 3787 231 3836 40
274 3778 393 3857 pite
427 3787 633 3857 aperto
665 3778 930 3853 ambulo;
975 3795 1165 3840 assem
1197 3776 1488 3836 aerarium
1522 3777 1742 3837 nemini
1774 3777 1995 3853 debeo;
2041 3778 2428 3839 constitutum

447 3980 510 4033 18
548 3977 778 4039 tortasse
824 3977 1167 4043 xerophagiae
1212 3991 1275 4027 ex
1322 3978 1430 4028 sale
1456 3976 1477 4042 ΙΙ
1503 3979 1567 4029 23
1613 3976 1874 4043 alligatam
1913 3978 1931 4044 ΙΙ
1970 3981 2036 4031 24
2083 3979 2375 4031 ceciderunt
2407 3978 2428 4046 ΙΙ

273 4049 333 4099 31
373 4046 549 4100 balatu
585 4045 958 4098 interdixissem
995 4046 1240 4096 Heinsius
1263 4045 1284 4112 ΙΙ
1311 4047 1376 4098 36
1412 4045 1602 4109 lamna]
1638 4046 1704 4097 al.
1743 4047 1854 4098 lena
1890 4050 2311 4113 superam-ipmm
