<?xml version="1.0" encoding="UTF-8"?>
<!DOCTYPE html PUBLIC "-//W3C//DTD XHTML 1.0 Transitional//EN"
    "http://www.w3.org/TR/xhtml1/DTD/xhtml1-transitional.dtd">
<html xmlns="http://www.w3.org/1999/xhtml" xml:lang="en" lang="en">
 <head>
  <title>
</title>
<meta http-equiv="Content-Type" content="text/html;charset=utf-8" />
  <meta name='ocr-system' content='tesseract 3.04.00' />
  <meta name='ocr-capabilities' content='ocr_page ocr_carea ocr_par ocr_line ocrx_word'/>
</head>
<body>
  <div class='ocr_page' id='page_1' title='image "./priapea00senegoog/priapea00senegoog_0236.png"; bbox 0 0 2881 4580; ppageno 0'>
   <div class='ocr_carea' id='block_1_1' title="bbox 469 316 1685 377">
    <p class='ocr_par' dir='ltr' id='par_1_1' title="bbox 469 316 1685 377">
     <span class='ocr_line' id='line_1_1' title="bbox 469 316 1685 377; baseline -0.005 -1"><span class='ocrx_word' id='word_1_1' title='bbox 469 316 592 377; x_wconf 79' lang='lat'>230</span> <span class='ocrx_word' id='word_1_2' title='bbox 1390 319 1685 372; x_wconf 82' lang='lat' dir='ltr'>SENECAE</span> 
     </span>
    </p>
   </div>
   <div class='ocr_carea' id='block_1_2' title="bbox 390 491 2732 3895">
    <p class='ocr_par' dir='ltr' id='par_1_2' title="bbox 466 491 2691 917">
     <span class='ocr_line' id='line_1_2' title="bbox 469 491 2616 571; baseline 0.001 -18"><span class='ocrx_word' id='word_1_3' title='bbox 469 492 689 554; x_wconf 91' lang='lat' dir='ltr'>nullius</span> <span class='ocrx_word' id='word_1_4' title='bbox 732 491 1028 553; x_wconf 90' lang='lat' dir='ltr'>terrestris</span> <span class='ocrx_word' id='word_1_5' title='bbox 1070 491 1336 554; x_wconf 88' lang='lat' dir='ltr'>animalis</span> <span class='ocrx_word' id='word_1_6' title='bbox 1378 493 1481 554; x_wconf 89' lang='lat' dir='ltr'>sed</span> <span class='ocrx_word' id='word_1_7' title='bbox 1530 493 1716 571; x_wconf 88' lang='lat' dir='ltr'>qualis</span> <span class='ocrx_word' id='word_1_8' title='bbox 1755 511 1882 554; x_wconf 91' lang='lat' dir='ltr'>esse</span> <span class='ocrx_word' id='word_1_9' title='bbox 1924 493 2166 554; x_wconf 89' lang='lat' dir='ltr'>marinis</span> <span class='ocrx_word' id='word_1_10' title='bbox 2212 492 2399 554; x_wconf 90' lang='lat' dir='ltr'>beluis</span> <span class='ocrx_word' id='word_1_11' title='bbox 2441 493 2616 566; x_wconf 91' lang='lat' dir='ltr'>solet,</span> 
     </span>
     <span class='ocr_line' id='line_1_3' title="bbox 466 577 2616 657; baseline 0.001 -19"><span class='ocrx_word' id='word_1_12' title='bbox 466 595 703 639; x_wconf 90' lang='lat' dir='ltr'>raucam</span> <span class='ocrx_word' id='word_1_13' title='bbox 736 587 793 637; x_wconf 90' lang='lat' dir='ltr'>et</span> <span class='ocrx_word' id='word_1_14' title='bbox 824 577 1194 656; x_wconf 81' lang='lat' dir='ltr'>implicatam,</span> <span class='ocrx_word' id='word_1_15' title='bbox 1232 577 1456 657; x_wconf 84' lang='lat' dir='ltr'>putavit</span> <span class='ocrx_word' id='word_1_16' title='bbox 1486 577 1595 638; x_wconf 89' lang='lat' dir='ltr'>sibi</span> <span class='ocrx_word' id='word_1_17' title='bbox 1627 578 1862 639; x_wconf 88' lang='lat' dir='ltr'>tertium</span> <span class='ocrx_word' id='word_1_18' title='bbox 1896 578 2190 641; x_wconf 91' lang='lat' dir='ltr'>decimum</span> <span class='ocrx_word' id='word_1_19' title='bbox 2219 578 2482 639; x_wconf 88' lang='lat' dir='ltr'>laborem</span> <span class='ocrx_word' id='word_1_20' title='bbox 2514 598 2616 640; x_wconf 89' lang='lat' dir='ltr'>ve-</span> 
     </span>
     <span class='ocr_line' id='line_1_4' title="bbox 468 661 2615 743; baseline 0 -19"><span class='ocrx_word' id='word_1_21' title='bbox 468 663 647 724; x_wconf 82' lang='lat' dir='ltr'>nisse.</span> <span class='ocrx_word' id='word_1_22' title='bbox 707 662 1043 741; x_wconf 86' lang='lat' dir='ltr'>diligentius</span> <span class='ocrx_word' id='word_1_23' title='bbox 1074 661 1329 724; x_wconf 87' lang='lat' dir='ltr'>intuenti</span> <span class='ocrx_word' id='word_1_24' title='bbox 1358 663 1516 724; x_wconf 88' lang='lat' dir='ltr'>visus</span> <span class='ocrx_word' id='word_1_25' title='bbox 1559 672 1650 724; x_wconf 89' lang='lat' dir='ltr'>est</span> <span class='ocrx_word' id='word_1_26' title='bbox 1677 663 1844 742; x_wconf 90' lang='lat' dir='ltr'>quasi</span> <span class='ocrx_word' id='word_1_27' title='bbox 1876 664 2077 725; x_wconf 91' lang='lat' dir='ltr'>homo.</span> <span class='ocrx_word' id='word_1_28' title='bbox 2139 665 2385 726; x_wconf 90' lang='lat' dir='ltr'>accessit</span> <span class='ocrx_word' id='word_1_29' title='bbox 2413 664 2615 743; x_wconf 89' lang='lat' dir='ltr'>itaque</span> 
     </span>
     <span class='ocr_line' id='line_1_5' title="bbox 469 746 1706 826; baseline -0.002 -18"><span class='ocrx_word' id='word_1_30' title='bbox 469 757 528 808; x_wconf 92' lang='lat' dir='ltr'>et</span> <span class='ocrx_word' id='word_1_31' title='bbox 558 747 718 826; x_wconf 90' lang='lat' dir='ltr'>quod</span> <span class='ocrx_word' id='word_1_32' title='bbox 747 746 1087 808; x_wconf 81' lang='lat' dir='ltr'>facillimum</span> <span class='ocrx_word' id='word_1_33' title='bbox 1116 747 1229 808; x_wconf 82' lang='lat' dir='ltr'>fuit</span> <span class='ocrx_word' id='word_1_34' title='bbox 1257 748 1566 820; x_wconf 90' lang='lat' dir='ltr'>Graeculo,</span> <span class='ocrx_word' id='word_1_35' title='bbox 1597 747 1706 809; x_wconf 90' lang='lat' dir='ltr'>ait:</span> 
     </span>
     <span class='ocr_line' id='line_1_6' title="bbox 635 822 2691 917; baseline -0.001 -21"><span class='ocrx_word' id='word_1_36' title='bbox 635 836 739 909; x_wconf 84' lang='grc' dir='ltr'>τίς</span> <span class='ocrx_word' id='word_1_37' title='bbox 767 828 991 896; x_wconf 75' lang='grc' dir='ltr'><strong><em>πόθεν</em></strong></span> <span class='ocrx_word' id='word_1_38' title='bbox 1023 825 1118 907; x_wconf 87' lang='grc' dir='ltr'>εἶς</span> <span class='ocrx_word' id='word_1_39' title='bbox 1150 822 1423 913; x_wconf 73' lang='grc' dir='ltr'><strong><em>ἀνδρῶν,</em></strong></span> <span class='ocrx_word' id='word_1_40' title='bbox 1458 829 1639 897; x_wconf 72' lang='grc' dir='ltr'><strong><em>πόθι</em></strong></span> <span class='ocrx_word' id='word_1_41' title='bbox 1669 854 1774 898; x_wconf 85' lang='grc' dir='ltr'>τοι</span> <span class='ocrx_word' id='word_1_42' title='bbox 1804 829 2006 908; x_wconf 80' lang='grc' dir='ltr'><strong><em>πόλις</em></strong></span> <span class='ocrx_word' id='word_1_43' title='bbox 2035 828 2152 917; x_wconf 79' lang='grc' dir='ltr'>ἠδὲ</span> <span class='ocrx_word' id='word_1_44' title='bbox 2182 834 2444 917; x_wconf 86' lang='grc' dir='ltr'><strong><em>τοκῆες,·</em></strong></span> <span class='ocrx_word' id='word_1_45' title='bbox 2661 845 2691 894; x_wconf 84' lang='lat'><strong>5</strong></span> 
     </span>
    </p>

    <p class='ocr_par' dir='ltr' id='par_1_3' title="bbox 468 917 2618 1167">
     <span class='ocr_line' id='line_1_7' title="bbox 470 917 2618 999; baseline 0 -20"><span class='ocrx_word' id='word_1_46' title='bbox 470 917 744 980; x_wconf 89' lang='lat' dir='ltr'>Claudius</span> <span class='ocrx_word' id='word_1_47' title='bbox 783 918 1000 996; x_wconf 86' lang='lat' dir='ltr'>gaudet</span> <span class='ocrx_word' id='word_1_48' title='bbox 1042 936 1172 979; x_wconf 91' lang='lat' dir='ltr'>esse</span> <span class='ocrx_word' id='word_1_49' title='bbox 1214 918 1330 979; x_wconf 90' lang='lat' dir='ltr'>illic</span> <span class='ocrx_word' id='word_1_50' title='bbox 1375 919 1706 998; x_wconf 82' lang='lat' dir='ltr'>philologos</span> <span class='ocrx_word' id='word_1_51' title='bbox 1747 919 2051 994; x_wconf 89' lang='lat' dir='ltr'>homines,</span> <span class='ocrx_word' id='word_1_52' title='bbox 2107 930 2304 999; x_wconf 78' lang='lat' dir='ltr'><strong>sperat</strong></span> <span class='ocrx_word' id='word_1_53' title='bbox 2347 920 2618 979; x_wconf 81' lang='lat' dir='ltr'>futurum</span> 
     </span>
     <span class='ocr_line' id='line_1_8' title="bbox 468 1003 2618 1083; baseline 0.001 -20"><span class='ocrx_word' id='word_1_54' title='bbox 468 1003 722 1082; x_wconf 82' lang='lat' dir='ltr'>aliquem</span> <span class='ocrx_word' id='word_1_55' title='bbox 774 1003 1033 1065; x_wconf 90' lang='lat' dir='ltr'>historiis</span> <span class='ocrx_word' id='word_1_56' title='bbox 1074 1003 1196 1065; x_wconf 90' lang='lat' dir='ltr'>suis</span> <span class='ocrx_word' id='word_1_57' title='bbox 1248 1004 1464 1065; x_wconf 93' lang='lat' dir='ltr'>locum.</span> <span class='ocrx_word' id='word_1_58' title='bbox 1536 1004 1734 1083; x_wconf 88' lang='lat' dir='ltr'>itaque</span> <span class='ocrx_word' id='word_1_59' title='bbox 1787 1013 1846 1064; x_wconf 93' lang='lat' dir='ltr'>et</span> <span class='ocrx_word' id='word_1_60' title='bbox 1896 1004 2022 1083; x_wconf 87' lang='lat' dir='ltr'>ipse</span> <span class='ocrx_word' id='word_1_61' title='bbox 2070 1004 2388 1065; x_wconf 89' lang='lat' dir='ltr'>Homerico</span> <span class='ocrx_word' id='word_1_62' title='bbox 2442 1022 2618 1066; x_wconf 81' lang='lat' dir='ltr'>versu</span> 
     </span>
     <span class='ocr_line' id='line_1_9' title="bbox 472 1087 1544 1167; baseline -0.001 -17"><span class='ocrx_word' id='word_1_63' title='bbox 472 1087 779 1150; x_wconf 90' lang='lat' dir='ltr'>Caesarem</span> <span class='ocrx_word' id='word_1_64' title='bbox 811 1107 874 1150; x_wconf 89' lang='lat' dir='ltr'>se</span> <span class='ocrx_word' id='word_1_65' title='bbox 905 1107 1032 1150; x_wconf 88' lang='lat' dir='ltr'>esse</span> <span class='ocrx_word' id='word_1_66' title='bbox 1062 1088 1404 1167; x_wconf 85' lang='lat' dir='ltr'>significans</span> <span class='ocrx_word' id='word_1_67' title='bbox 1433 1089 1544 1149; x_wconf 91' lang='lat' dir='ltr'>ait:</span> 
     </span>
    </p>

    <p class='ocr_par' dir='ltr' id='par_1_4' title="bbox 472 1163 2731 1338">
     <span class='ocr_line' id='line_1_10' title="bbox 686 1163 2383 1259; baseline 0.001 -21"><span class='ocrx_word' id='word_1_68' title='bbox 686 1163 972 1238; x_wconf 76' lang='grc' dir='ltr'><strong><em>Ἰλιόθεν</em></strong></span> <span class='ocrx_word' id='word_1_69' title='bbox 1000 1194 1082 1253; x_wconf 85' lang='grc' dir='ltr'>με</span> <span class='ocrx_word' id='word_1_70' title='bbox 1114 1175 1335 1259; x_wconf 85' lang='grc' dir='ltr'><em>φέρων</em></span> <span class='ocrx_word' id='word_1_71' title='bbox 1369 1166 1612 1255; x_wconf 71' lang='grc' dir='ltr'><strong><em>ἄνεμος</em></strong></span> <span class='ocrx_word' id='word_1_72' title='bbox 1642 1170 1999 1238; x_wconf 86' lang='grc' dir='ltr'><strong><em>Κικόνεσσι</em></strong></span> <span class='ocrx_word' id='word_1_73' title='bbox 2030 1172 2383 1239; x_wconf 78' lang='grc' dir='ltr'><strong><em>πέλασσεν.</em></strong></span> 
     </span>
     <span class='ocr_line' id='line_1_11' title="bbox 472 1258 2731 1338; baseline 0.001 -18"><span class='ocrx_word' id='word_1_74' title='bbox 472 1269 599 1320; x_wconf 89' lang='lat' dir='ltr'>erat</span> <span class='ocrx_word' id='word_1_75' title='bbox 626 1269 820 1321; x_wconf 90' lang='lat' dir='ltr'>autem</span> <span class='ocrx_word' id='word_1_76' title='bbox 851 1277 1110 1337; x_wconf 88' lang='lat' dir='ltr'>sequens</span> <span class='ocrx_word' id='word_1_77' title='bbox 1140 1278 1340 1321; x_wconf 86' lang='lat' dir='ltr'>versus</span> <span class='ocrx_word' id='word_1_78' title='bbox 1369 1260 1582 1334; x_wconf 86' lang='lat' dir='ltr'>verior,</span> <span class='ocrx_word' id='word_1_79' title='bbox 1614 1277 1801 1338; x_wconf 89' lang='lat' dir='ltr'>aeque</span> <span class='ocrx_word' id='word_1_80' title='bbox 1832 1258 2211 1320; x_wconf 83' lang='lat' dir='ltr'>Homericus:</span> <span class='ocrx_word' id='word_1_81' title='bbox 2669 1271 2731 1322; x_wconf 81' lang='lat'>10</span> 
     </span>
    </p>

    <p class='ocr_par' dir='ltr' id='par_1_5' title="bbox 705 1335 2379 1426">
     <span class='ocr_line' id='line_1_12' title="bbox 705 1335 2379 1426; baseline 0 -18"><span class='ocrx_word' id='word_1_82' title='bbox 705 1341 876 1408; x_wconf 72' lang='grc' dir='ltr'><strong><em>ἔνθα</em></strong></span> <span class='ocrx_word' id='word_1_83' title='bbox 909 1338 974 1406; x_wconf 80' lang='grc' dir='ltr'>δ’</span> <span class='ocrx_word' id='word_1_84' title='bbox 1010 1339 1135 1426; x_wconf 76' lang='grc' dir='ltr'>ἐγώ</span> <span class='ocrx_word' id='word_1_85' title='bbox 1166 1341 1369 1409; x_wconf 91' lang='grc' dir='ltr'><strong><em>πόλιν</em></strong></span> <span class='ocrx_word' id='word_1_86' title='bbox 1400 1341 1730 1424; x_wconf 71' lang='grc' dir='ltr'><strong><em>ἔπραθον,</em></strong></span> <span class='ocrx_word' id='word_1_87' title='bbox 1763 1335 1984 1408; x_wconf 80' lang='grc' dir='ltr'><strong><em>ὤλεσα</em></strong></span> <span class='ocrx_word' id='word_1_88' title='bbox 2016 1337 2082 1406; x_wconf 78' lang='grc' dir='ltr'>δ’</span> <span class='ocrx_word' id='word_1_89' title='bbox 2121 1335 2379 1419; x_wconf 74' lang='grc' dir='ltr'><strong><em>αὐτούς.</em></strong></span> 
     </span>
    </p>

    <p class='ocr_par' dir='ltr' id='par_1_6' title="bbox 390 1429 2732 2619">
     <span class='ocr_line' id='line_1_13' title="bbox 390 1429 2619 1509; baseline -0.001 -16"><span class='ocrx_word' id='word_1_90' title='bbox 390 1431 429 1493; x_wconf 88' lang='grc'><strong>6</strong></span> <span class='ocrx_word' id='word_1_91' title='bbox 475 1437 533 1491; x_wconf 85' lang='lat' dir='ltr'>et</span> <span class='ocrx_word' id='word_1_92' title='bbox 575 1429 939 1509; x_wconf 78' lang='lat' dir='ltr'>imposuerat</span> <span class='ocrx_word' id='word_1_93' title='bbox 986 1429 1224 1491; x_wconf 84' lang='lat' dir='ltr'>Herculi</span> <span class='ocrx_word' id='word_1_94' title='bbox 1277 1430 1520 1494; x_wconf 91' lang='lat' dir='ltr'>minime</span> <span class='ocrx_word' id='word_1_95' title='bbox 1563 1430 1756 1503; x_wconf 82' lang='lat' dir='ltr'>vafro,</span> <span class='ocrx_word' id='word_1_96' title='bbox 1816 1430 1928 1491; x_wconf 90' lang='lat' dir='ltr'>nisi</span> <span class='ocrx_word' id='word_1_97' title='bbox 1975 1429 2182 1490; x_wconf 83' lang='lat' dir='ltr'>suisset</span> <span class='ocrx_word' id='word_1_98' title='bbox 2223 1429 2342 1491; x_wconf 92' lang='lat' dir='ltr'>illic</span> <span class='ocrx_word' id='word_1_99' title='bbox 2390 1429 2619 1507; x_wconf 84' lang='lat' dir='ltr'>Febris,</span> 
     </span>
     <span class='ocr_line' id='line_1_14' title="bbox 471 1514 2621 1592; baseline 0.001 -18"><span class='ocrx_word' id='word_1_100' title='bbox 471 1532 621 1592; x_wconf 90' lang='lat' dir='ltr'>quae</span> <span class='ocrx_word' id='word_1_101' title='bbox 652 1516 789 1576; x_wconf 82' lang='lat' dir='ltr'>fano</span> <span class='ocrx_word' id='word_1_102' title='bbox 822 1533 930 1576; x_wconf 90' lang='lat' dir='ltr'>suo</span> <span class='ocrx_word' id='word_1_103' title='bbox 960 1514 1166 1575; x_wconf 88' lang='lat' dir='ltr'>relicto</span> <span class='ocrx_word' id='word_1_104' title='bbox 1197 1514 1319 1576; x_wconf 90' lang='lat' dir='ltr'>sola</span> <span class='ocrx_word' id='word_1_105' title='bbox 1351 1520 1486 1576; x_wconf 86' lang='lat' dir='ltr'>cum</span> <span class='ocrx_word' id='word_1_106' title='bbox 1530 1515 1630 1576; x_wconf 91' lang='lat' dir='ltr'>illo</span> <span class='ocrx_word' id='word_1_107' title='bbox 1663 1525 1930 1575; x_wconf 87' lang='lat' dir='ltr'>venerat:</span> <span class='ocrx_word' id='word_1_108' title='bbox 1978 1525 2206 1576; x_wconf 90' lang='lat' dir='ltr'>ceteros</span> <span class='ocrx_word' id='word_1_109' title='bbox 2237 1533 2446 1577; x_wconf 90' lang='lat' dir='ltr'>omnes</span> <span class='ocrx_word' id='word_1_110' title='bbox 2476 1515 2621 1576; x_wconf 91' lang='lat' dir='ltr'>deos</span> 
     </span>
     <span class='ocr_line' id='line_1_15' title="bbox 469 1599 2619 1680; baseline 0 -20"><span class='ocrx_word' id='word_1_111' title='bbox 469 1599 691 1660; x_wconf 91' lang='lat' dir='ltr'>Romae</span> <span class='ocrx_word' id='word_1_112' title='bbox 721 1600 1057 1679; x_wconf 81' lang='lat' dir='ltr'>reliquerat.</span> <span class='ocrx_word' id='word_1_113' title='bbox 1119 1600 1264 1661; x_wconf 86' lang='lat' dir='ltr'>‘iste&#39;</span> <span class='ocrx_word' id='word_1_114' title='bbox 1297 1601 1491 1680; x_wconf 88' lang='lat' dir='ltr'>inquit</span> <span class='ocrx_word' id='word_1_115' title='bbox 1535 1605 1713 1660; x_wconf 80' lang='lat' dir='ltr'>‘mera</span> <span class='ocrx_word' id='word_1_116' title='bbox 1745 1599 2047 1660; x_wconf 91' lang='lat' dir='ltr'>mendacia</span> <span class='ocrx_word' id='word_1_117' title='bbox 2080 1611 2296 1661; x_wconf 85' lang='lat' dir='ltr'>narrat.</span> <span class='ocrx_word' id='word_1_118' title='bbox 2358 1619 2468 1679; x_wconf 90' lang='lat' dir='ltr'>ego</span> <span class='ocrx_word' id='word_1_119' title='bbox 2511 1600 2619 1661; x_wconf 92' lang='lat' dir='ltr'>tibi</span> 
     </span>
     <span class='ocr_line' id='line_1_16' title="bbox 470 1684 2732 1764; baseline 0 -18"><span class='ocrx_word' id='word_1_120' title='bbox 470 1684 634 1759; x_wconf 89' lang='lat' dir='ltr'>dico,</span> <span class='ocrx_word' id='word_1_121' title='bbox 679 1704 829 1764; x_wconf 91' lang='lat' dir='ltr'>quae</span> <span class='ocrx_word' id='word_1_122' title='bbox 862 1703 996 1746; x_wconf 93' lang='lat' dir='ltr'>cum</span> <span class='ocrx_word' id='word_1_123' title='bbox 1030 1685 1129 1745; x_wconf 93' lang='lat' dir='ltr'>illo</span> <span class='ocrx_word' id='word_1_124' title='bbox 1173 1694 1263 1746; x_wconf 89' lang='lat' dir='ltr'>tot</span> <span class='ocrx_word' id='word_1_125' title='bbox 1305 1686 1481 1746; x_wconf 91' lang='lat' dir='ltr'>annis</span> <span class='ocrx_word' id='word_1_126' title='bbox 1515 1686 1657 1745; x_wconf 84' lang='lat' dir='ltr'>vixi:</span> <span class='ocrx_word' id='word_1_127' title='bbox 1706 1684 2024 1762; x_wconf 86' lang='lat' dir='ltr'>Luguduni</span> <span class='ocrx_word' id='word_1_128' title='bbox 2058 1695 2231 1746; x_wconf 89' lang='lat' dir='ltr'>natus</span> <span class='ocrx_word' id='word_1_129' title='bbox 2273 1695 2392 1757; x_wconf 90' lang='lat' dir='ltr'>est,</span> <span class='ocrx_word' id='word_1_130' title='bbox 2440 1685 2622 1746; x_wconf 84' lang='lat' dir='ltr'>Marci</span> <span class='ocrx_word' id='word_1_131' title='bbox 2671 1695 2732 1746; x_wconf 78' lang='lat'>15</span> 
     </span>
     <span class='ocr_line' id='line_1_17' title="bbox 470 1768 2618 1850; baseline 0 -20"><span class='ocrx_word' id='word_1_132' title='bbox 470 1770 830 1850; x_wconf 82' lang='lat' dir='ltr'>municipem</span> <span class='ocrx_word' id='word_1_133' title='bbox 861 1770 1039 1831; x_wconf 87' lang='lat' dir='ltr'>vides.</span> <span class='ocrx_word' id='word_1_134' title='bbox 1101 1770 1258 1848; x_wconf 91' lang='lat' dir='ltr'>quod</span> <span class='ocrx_word' id='word_1_135' title='bbox 1291 1770 1396 1831; x_wconf 88' lang='lat' dir='ltr'>tibi</span> <span class='ocrx_word' id='word_1_136' title='bbox 1431 1789 1639 1842; x_wconf 89' lang='lat' dir='ltr'>narro,</span> <span class='ocrx_word' id='word_1_137' title='bbox 1676 1768 1746 1830; x_wconf 91' lang='lat' dir='ltr'>ad</span> <span class='ocrx_word' id='word_1_138' title='bbox 1779 1780 2007 1831; x_wconf 86' lang='lat' dir='ltr'>sextum</span> <span class='ocrx_word' id='word_1_139' title='bbox 2042 1770 2333 1831; x_wconf 90' lang='lat' dir='ltr'>decimum</span> <span class='ocrx_word' id='word_1_140' title='bbox 2366 1770 2618 1850; x_wconf 83' lang='lat' dir='ltr'>lapidem</span> 
     </span>
     <span class='ocr_line' id='line_1_18' title="bbox 473 1855 2621 1934; baseline 0.001 -19"><span class='ocrx_word' id='word_1_141' title='bbox 473 1865 647 1916; x_wconf 89' lang='lat' dir='ltr'>natus</span> <span class='ocrx_word' id='word_1_142' title='bbox 686 1864 777 1916; x_wconf 88' lang='lat' dir='ltr'>est</span> <span class='ocrx_word' id='word_1_143' title='bbox 817 1873 849 1915; x_wconf 91' lang='lat' dir='ltr'>a</span> <span class='ocrx_word' id='word_1_144' title='bbox 881 1855 1137 1926; x_wconf 85' lang='lat' dir='ltr'>Vienna,</span> <span class='ocrx_word' id='word_1_145' title='bbox 1183 1855 1383 1917; x_wconf 86' lang='lat' dir='ltr'>Gallus</span> <span class='ocrx_word' id='word_1_146' title='bbox 1423 1874 1761 1934; x_wconf 88' lang='lat' dir='ltr'>germanus.</span> <span class='ocrx_word' id='word_1_147' title='bbox 1824 1855 2020 1934; x_wconf 88' lang='lat' dir='ltr'>itaque</span> <span class='ocrx_word' id='word_1_148' title='bbox 2064 1857 2222 1934; x_wconf 90' lang='lat' dir='ltr'>quod</span> <span class='ocrx_word' id='word_1_149' title='bbox 2261 1855 2488 1917; x_wconf 91' lang='lat' dir='ltr'>Gallum</span> <span class='ocrx_word' id='word_1_150' title='bbox 2534 1858 2621 1916; x_wconf 82' lang='lat' dir='ltr'>sa-</span> 
     </span>
     <span class='ocr_line' id='line_1_19' title="bbox 473 1940 2621 2022; baseline 0.001 -22"><span class='ocrx_word' id='word_1_151' title='bbox 473 1958 608 2000; x_wconf 90' lang='lat' dir='ltr'>cere</span> <span class='ocrx_word' id='word_1_152' title='bbox 639 1940 981 2019; x_wconf 83' lang='lat' dir='ltr'>oportebat,</span> <span class='ocrx_word' id='word_1_153' title='bbox 1025 1940 1269 2000; x_wconf 90' lang='lat' dir='ltr'>Romam</span> <span class='ocrx_word' id='word_1_154' title='bbox 1302 1940 1476 2021; x_wconf 89' lang='lat' dir='ltr'>cepit.</span> <span class='ocrx_word' id='word_1_155' title='bbox 1539 1941 1699 2001; x_wconf 92' lang='lat' dir='ltr'>hunc</span> <span class='ocrx_word' id='word_1_156' title='bbox 1744 1959 1854 2019; x_wconf 88' lang='lat' dir='ltr'>ego</span> <span class='ocrx_word' id='word_1_157' title='bbox 1898 1940 2003 2001; x_wconf 91' lang='lat' dir='ltr'>tibi</span> <span class='ocrx_word' id='word_1_158' title='bbox 2045 1940 2268 2020; x_wconf 90' lang='lat' dir='ltr'>recipio</span> <span class='ocrx_word' id='word_1_159' title='bbox 2300 1942 2621 2022; x_wconf 87' lang='lat' dir='ltr'>Luguduni</span> 
     </span>
     <span class='ocr_line' id='line_1_20' title="bbox 473 2024 2622 2106; baseline 0 -20"><span class='ocrx_word' id='word_1_160' title='bbox 473 2035 709 2098; x_wconf 90' lang='lat' dir='ltr'>natum,</span> <span class='ocrx_word' id='word_1_161' title='bbox 753 2025 853 2085; x_wconf 89' lang='lat' dir='ltr'>ubi</span> <span class='ocrx_word' id='word_1_162' title='bbox 884 2024 1127 2087; x_wconf 89' lang='lat' dir='ltr'>Licinus</span> <span class='ocrx_word' id='word_1_163' title='bbox 1155 2026 1355 2102; x_wconf 85' lang='lat' dir='ltr'>multis</span> <span class='ocrx_word' id='word_1_164' title='bbox 1384 2026 1558 2087; x_wconf 91' lang='lat' dir='ltr'>annis</span> <span class='ocrx_word' id='word_1_165' title='bbox 1588 2026 1869 2105; x_wconf 86' lang='lat' dir='ltr'>regnavit.</span> <span class='ocrx_word' id='word_1_166' title='bbox 1929 2035 1993 2086; x_wconf 88' lang='lat' dir='ltr'>tu</span> <span class='ocrx_word' id='word_1_167' title='bbox 2039 2036 2235 2086; x_wconf 90' lang='lat' dir='ltr'>autem</span> <span class='ocrx_word' id='word_1_168' title='bbox 2254 2072 2269 2098; x_wconf 93' lang='lat'>,</span> <span class='ocrx_word' id='word_1_169' title='bbox 2317 2027 2417 2106; x_wconf 91' lang='lat' dir='ltr'>qui</span> <span class='ocrx_word' id='word_1_170' title='bbox 2449 2027 2622 2106; x_wconf 89' lang='lat' dir='ltr'>plura</span> 
     </span>
     <span class='ocr_line' id='line_1_21' title="bbox 471 2107 2732 2193; baseline 0.001 -23"><span class='ocrx_word' id='word_1_171' title='bbox 471 2110 600 2170; x_wconf 92' lang='lat' dir='ltr'>loca</span> <span class='ocrx_word' id='word_1_172' title='bbox 645 2110 875 2172; x_wconf 87' lang='lat' dir='ltr'>calcasti</span> <span class='ocrx_word' id='word_1_173' title='bbox 920 2129 1096 2190; x_wconf 91' lang='lat' dir='ltr'>quam</span> <span class='ocrx_word' id='word_1_174' title='bbox 1148 2111 1303 2173; x_wconf 93' lang='lat' dir='ltr'>ullus</span> <span class='ocrx_word' id='word_1_175' title='bbox 1362 2112 1543 2172; x_wconf 91' lang='lat' dir='ltr'>mulio</span> <span class='ocrx_word' id='word_1_176' title='bbox 1589 2111 2034 2191; x_wconf 88' lang='lat' dir='ltr'>perpetuarius,</span> <span class='ocrx_word' id='word_1_177' title='bbox 2096 2107 2621 2193; x_wconf 86' lang='lat' dir='ltr'>[Lugudunenses]</span> <span class='ocrx_word' id='word_1_178' title='bbox 2669 2122 2732 2172; x_wconf 81' lang='lat'>20</span> 
     </span>
     <span class='ocr_line' id='line_1_22' title="bbox 472 2194 2620 2259; baseline 0 -2"><span class='ocrx_word' id='word_1_179' title='bbox 472 2195 625 2257; x_wconf 86' lang='lat' dir='ltr'>scire</span> <span class='ocrx_word' id='word_1_180' title='bbox 655 2195 835 2257; x_wconf 93' lang='lat' dir='ltr'>debes</span> <span class='ocrx_word' id='word_1_181' title='bbox 865 2196 1049 2257; x_wconf 91' lang='lat' dir='ltr'>multa</span> <span class='ocrx_word' id='word_1_182' title='bbox 1079 2196 1234 2257; x_wconf 91' lang='lat' dir='ltr'>milia</span> <span class='ocrx_word' id='word_1_183' title='bbox 1275 2197 1430 2257; x_wconf 91' lang='lat' dir='ltr'>inter</span> <span class='ocrx_word' id='word_1_184' title='bbox 1461 2195 1758 2257; x_wconf 86' lang='lat' dir='ltr'>Xanthum</span> <span class='ocrx_word' id='word_1_185' title='bbox 1804 2205 1862 2256; x_wconf 91' lang='lat' dir='ltr'>et</span> <span class='ocrx_word' id='word_1_186' title='bbox 1892 2194 2242 2256; x_wconf 86' lang='lat' dir='ltr'>Rhodanum</span> <span class='ocrx_word' id='word_1_187' title='bbox 2288 2197 2620 2259; x_wconf 87' lang='lat' dir='ltr'>interesse.’</span> 
     </span>
     <span class='ocr_line' id='line_1_23' title="bbox 473 2280 2622 2362; baseline 0.001 -20"><span class='ocrx_word' id='word_1_188' title='bbox 473 2280 846 2343; x_wconf 87' lang='lat' dir='ltr'>excandescit</span> <span class='ocrx_word' id='word_1_189' title='bbox 874 2281 990 2342; x_wconf 94' lang='lat' dir='ltr'>hoc</span> <span class='ocrx_word' id='word_1_190' title='bbox 1033 2282 1163 2342; x_wconf 95' lang='lat' dir='ltr'>loco</span> <span class='ocrx_word' id='word_1_191' title='bbox 1197 2280 1479 2344; x_wconf 86' lang='lat' dir='ltr'>Claudius</span> <span class='ocrx_word' id='word_1_192' title='bbox 1512 2293 1572 2343; x_wconf 90' lang='lat' dir='ltr'>et</span> <span class='ocrx_word' id='word_1_193' title='bbox 1602 2292 1824 2362; x_wconf 91' lang='lat' dir='ltr'>quanto</span> <span class='ocrx_word' id='word_1_194' title='bbox 1858 2290 2052 2361; x_wconf 90' lang='lat' dir='ltr'>potest</span> <span class='ocrx_word' id='word_1_195' title='bbox 2080 2289 2384 2344; x_wconf 87' lang='lat' dir='ltr'>murmure</span> <span class='ocrx_word' id='word_1_196' title='bbox 2414 2282 2622 2345; x_wconf 91' lang='lat' dir='ltr'>irasci-</span> 
     </span>
     <span class='ocr_line' id='line_1_24' title="bbox 473 2366 2621 2445; baseline 0.001 -19"><span class='ocrx_word' id='word_1_197' title='bbox 473 2376 589 2427; x_wconf 90' lang='lat' dir='ltr'>tur.</span> <span class='ocrx_word' id='word_1_198' title='bbox 663 2366 805 2445; x_wconf 89' lang='lat' dir='ltr'>quid</span> <span class='ocrx_word' id='word_1_199' title='bbox 849 2366 1101 2439; x_wconf 91' lang='lat' dir='ltr'>diceret,</span> <span class='ocrx_word' id='word_1_200' title='bbox 1148 2385 1320 2428; x_wconf 86' lang='lat' dir='ltr'>nemo</span> <span class='ocrx_word' id='word_1_201' title='bbox 1364 2367 1776 2445; x_wconf 83' lang='lat' dir='ltr'>intellegebat,</span> <span class='ocrx_word' id='word_1_202' title='bbox 1820 2366 1916 2428; x_wconf 92' lang='lat' dir='ltr'>ille</span> <span class='ocrx_word' id='word_1_203' title='bbox 1959 2376 2153 2429; x_wconf 89' lang='lat' dir='ltr'>autem</span> <span class='ocrx_word' id='word_1_204' title='bbox 2199 2367 2433 2429; x_wconf 89' lang='lat' dir='ltr'>Febrim</span> <span class='ocrx_word' id='word_1_205' title='bbox 2482 2369 2621 2430; x_wconf 90' lang='lat' dir='ltr'>duci</span> 
     </span>
     <span class='ocr_line' id='line_1_25' title="bbox 472 2451 2621 2531; baseline 0.001 -19"><span class='ocrx_word' id='word_1_206' title='bbox 472 2451 730 2513; x_wconf 92' lang='lat' dir='ltr'>iubebat.</span> <span class='ocrx_word' id='word_1_207' title='bbox 790 2452 889 2513; x_wconf 91' lang='lat' dir='ltr'>illo</span> <span class='ocrx_word' id='word_1_208' title='bbox 935 2462 1104 2531; x_wconf 88' lang='lat' dir='ltr'>gestu</span> <span class='ocrx_word' id='word_1_209' title='bbox 1136 2453 1359 2513; x_wconf 91' lang='lat' dir='ltr'>solutae</span> <span class='ocrx_word' id='word_1_210' title='bbox 1388 2471 1601 2514; x_wconf 91' lang='lat' dir='ltr'>manus</span> <span class='ocrx_word' id='word_1_211' title='bbox 1632 2462 1690 2513; x_wconf 92' lang='lat' dir='ltr'>et</span> <span class='ocrx_word' id='word_1_212' title='bbox 1734 2452 1804 2512; x_wconf 92' lang='lat' dir='ltr'>ad</span> <span class='ocrx_word' id='word_1_213' title='bbox 1848 2452 1962 2512; x_wconf 94' lang='lat' dir='ltr'>hoc</span> <span class='ocrx_word' id='word_1_214' title='bbox 1995 2470 2179 2513; x_wconf 91' lang='lat' dir='ltr'>unum</span> <span class='ocrx_word' id='word_1_215' title='bbox 2224 2453 2364 2514; x_wconf 90' lang='lat' dir='ltr'>satis</span> <span class='ocrx_word' id='word_1_216' title='bbox 2393 2454 2621 2525; x_wconf 81' lang='lat' dir='ltr'>firmae,</span> 
     </span>
     <span class='ocr_line' id='line_1_26' title="bbox 475 2536 2728 2619; baseline 0 -23"><span class='ocrx_word' id='word_1_217' title='bbox 475 2554 592 2615; x_wconf 90' lang='lat' dir='ltr'>quo</span> <span class='ocrx_word' id='word_1_218' title='bbox 624 2536 915 2598; x_wconf 89' lang='lat' dir='ltr'>decollare</span> <span class='ocrx_word' id='word_1_219' title='bbox 943 2537 1216 2599; x_wconf 89' lang='lat' dir='ltr'>homines</span> <span class='ocrx_word' id='word_1_220' title='bbox 1244 2538 1487 2610; x_wconf 88' lang='lat' dir='ltr'>solebat,</span> <span class='ocrx_word' id='word_1_221' title='bbox 1527 2538 1778 2599; x_wconf 90' lang='lat' dir='ltr'>iusserat</span> <span class='ocrx_word' id='word_1_222' title='bbox 1806 2537 1890 2598; x_wconf 89' lang='lat' dir='ltr'>illi</span> <span class='ocrx_word' id='word_1_223' title='bbox 1922 2537 2139 2599; x_wconf 91' lang='lat' dir='ltr'>collum</span> <span class='ocrx_word' id='word_1_224' title='bbox 2169 2538 2446 2618; x_wconf 90' lang='lat' dir='ltr'>praecidi.</span> <span class='ocrx_word' id='word_1_225' title='bbox 2507 2558 2622 2619; x_wconf 75' lang='lat' dir='ltr'>pu·</span> <span class='ocrx_word' id='word_1_226' title='bbox 2668 2547 2728 2597; x_wconf 80' lang='lat'>25</span> 
     </span>
    </p>

    <p class='ocr_par' dir='ltr' id='par_1_7' title="bbox 395 2622 2623 2957">
     <span class='ocr_line' id='line_1_27' title="bbox 395 2622 2619 2685; baseline 0 0"><span class='ocrx_word' id='word_1_227' title='bbox 395 2626 430 2685; x_wconf 93' lang='lat'><strong>7</strong></span> <span class='ocrx_word' id='word_1_228' title='bbox 478 2632 634 2682; x_wconf 92' lang='lat' dir='ltr'>tares</span> <span class='ocrx_word' id='word_1_229' title='bbox 664 2640 871 2684; x_wconf 88' lang='lat' dir='ltr'>omnes</span> <span class='ocrx_word' id='word_1_230' title='bbox 901 2623 1056 2684; x_wconf 92' lang='lat' dir='ltr'>illius</span> <span class='ocrx_word' id='word_1_231' title='bbox 1098 2642 1226 2684; x_wconf 90' lang='lat' dir='ltr'>esse</span> <span class='ocrx_word' id='word_1_232' title='bbox 1257 2622 1530 2685; x_wconf 88' lang='lat' dir='ltr'>libertos:</span> <span class='ocrx_word' id='word_1_233' title='bbox 1577 2622 1723 2684; x_wconf 90' lang='lat' dir='ltr'>adeo</span> <span class='ocrx_word' id='word_1_234' title='bbox 1754 2622 1917 2682; x_wconf 90' lang='lat' dir='ltr'>illum</span> <span class='ocrx_word' id='word_1_235' title='bbox 1964 2641 2139 2683; x_wconf 92' lang='lat' dir='ltr'>nemo</span> <span class='ocrx_word' id='word_1_236' title='bbox 2171 2623 2430 2684; x_wconf 90' lang='lat' dir='ltr'>curabat.</span> <span class='ocrx_word' id='word_1_237' title='bbox 2492 2633 2619 2685; x_wconf 92' lang='lat' dir='ltr'>tum</span> 
     </span>
     <span class='ocr_line' id='line_1_28' title="bbox 474 2706 2623 2787; baseline 0.002 -20"><span class='ocrx_word' id='word_1_238' title='bbox 474 2706 758 2768; x_wconf 90' lang='lat' dir='ltr'>Hercules</span> <span class='ocrx_word' id='word_1_239' title='bbox 800 2707 952 2768; x_wconf 85' lang='lat' dir='ltr'>‘audi</span> <span class='ocrx_word' id='word_1_240' title='bbox 995 2707 1107 2768; x_wconf 91' lang='lat' dir='ltr'>me’</span> <span class='ocrx_word' id='word_1_241' title='bbox 1148 2708 1342 2787; x_wconf 92' lang='lat' dir='ltr'>inquit</span> <span class='ocrx_word' id='word_1_242' title='bbox 1383 2713 1466 2769; x_wconf 89' lang='lat' dir='ltr'>‘tu</span> <span class='ocrx_word' id='word_1_243' title='bbox 1513 2708 1716 2769; x_wconf 92' lang='lat' dir='ltr'>desine</span> <span class='ocrx_word' id='word_1_244' title='bbox 1761 2707 1994 2769; x_wconf 83' lang='lat' dir='ltr'>fatuari.</span> <span class='ocrx_word' id='word_1_245' title='bbox 2065 2708 2274 2768; x_wconf 89' lang='lat' dir='ltr'>venisti</span> <span class='ocrx_word' id='word_1_246' title='bbox 2319 2708 2469 2781; x_wconf 89' lang='lat' dir='ltr'>huc,</span> <span class='ocrx_word' id='word_1_247' title='bbox 2517 2710 2623 2771; x_wconf 91' lang='lat' dir='ltr'>ubi</span> 
     </span>
     <span class='ocr_line' id='line_1_29' title="bbox 473 2791 2623 2872; baseline 0.002 -20"><span class='ocrx_word' id='word_1_248' title='bbox 473 2809 674 2853; x_wconf 91' lang='lat' dir='ltr'>mures</span> <span class='ocrx_word' id='word_1_249' title='bbox 704 2793 926 2853; x_wconf 87' lang='lat' dir='ltr'>ferrum</span> <span class='ocrx_word' id='word_1_250' title='bbox 969 2792 1208 2853; x_wconf 89' lang='lat' dir='ltr'>rodunt.</span> <span class='ocrx_word' id='word_1_251' title='bbox 1270 2793 1442 2855; x_wconf 90' lang='lat' dir='ltr'>citius</span> <span class='ocrx_word' id='word_1_252' title='bbox 1477 2793 1620 2854; x_wconf 90' lang='lat' dir='ltr'>mihi</span> <span class='ocrx_word' id='word_1_253' title='bbox 1651 2811 1890 2865; x_wconf 87' lang='lat' dir='ltr'>verum,</span> <span class='ocrx_word' id='word_1_254' title='bbox 1937 2812 2012 2853; x_wconf 91' lang='lat' dir='ltr'>ne</span> <span class='ocrx_word' id='word_1_255' title='bbox 2053 2791 2160 2853; x_wconf 88' lang='lat' dir='ltr'>tibi</span> <span class='ocrx_word' id='word_1_256' title='bbox 2192 2792 2410 2872; x_wconf 89' lang='lat' dir='ltr'>alogias</span> <span class='ocrx_word' id='word_1_257' title='bbox 2441 2813 2623 2856; x_wconf 82' lang='lat' dir='ltr'>excu-</span> 
     </span>
     <span class='ocr_line' id='line_1_30' title="bbox 472 2876 2086 2957; baseline 0 -20"><span class='ocrx_word' id='word_1_258' title='bbox 472 2876 650 2937; x_wconf 85' lang='lat' dir='ltr'>tiam&#39;.</span> <span class='ocrx_word' id='word_1_259' title='bbox 711 2887 771 2938; x_wconf 88' lang='lat' dir='ltr'>et</span> <span class='ocrx_word' id='word_1_260' title='bbox 799 2897 919 2957; x_wconf 90' lang='lat' dir='ltr'>quo</span> <span class='ocrx_word' id='word_1_261' title='bbox 950 2878 1269 2938; x_wconf 87' lang='lat' dir='ltr'>terribilior</span> <span class='ocrx_word' id='word_1_262' title='bbox 1300 2887 1473 2952; x_wconf 86' lang='lat' dir='ltr'>esset,</span> <span class='ocrx_word' id='word_1_263' title='bbox 1504 2878 1763 2957; x_wconf 88' lang='lat' dir='ltr'>tragicus</span> <span class='ocrx_word' id='word_1_264' title='bbox 1791 2879 1858 2939; x_wconf 88' lang='lat' dir='ltr'>fit</span> <span class='ocrx_word' id='word_1_265' title='bbox 1888 2887 1947 2937; x_wconf 90' lang='lat' dir='ltr'>et</span> <span class='ocrx_word' id='word_1_266' title='bbox 1977 2877 2086 2937; x_wconf 87' lang='lat' dir='ltr'>ait:</span> 
     </span>
    </p>

    <p class='ocr_par' dir='ltr' id='par_1_8' title="bbox 780 2962 2730 3128">
     <span class='ocr_line' id='line_1_31' title="bbox 780 2962 2730 3043; baseline 0 -20"><span class='ocrx_word' id='word_1_267' title='bbox 780 2969 1081 3042; x_wconf 82' lang='lat' dir='ltr'>‘exprome</span> <span class='ocrx_word' id='word_1_268' title='bbox 1112 2982 1387 3042; x_wconf 90' lang='lat' dir='ltr'>propere,</span> <span class='ocrx_word' id='word_1_269' title='bbox 1420 2963 1557 3024; x_wconf 92' lang='lat' dir='ltr'>sede</span> <span class='ocrx_word' id='word_1_270' title='bbox 1590 2982 1704 3043; x_wconf 90' lang='lat' dir='ltr'>qua</span> <span class='ocrx_word' id='word_1_271' title='bbox 1734 2963 1971 3041; x_wconf 86' lang='lat' dir='ltr'>genitus</span> <span class='ocrx_word' id='word_1_272' title='bbox 2002 2962 2180 3035; x_wconf 89' lang='lat' dir='ltr'>cluas,</span> <span class='ocrx_word' id='word_1_273' title='bbox 2669 2971 2730 3023; x_wconf 81' lang='lat'>30</span> 
     </span>
     <span class='ocr_line' id='line_1_32' title="bbox 781 3048 2245 3128; baseline 0.001 -20"><span class='ocrx_word' id='word_1_274' title='bbox 781 3048 895 3108; x_wconf 92' lang='lat' dir='ltr'>hoc</span> <span class='ocrx_word' id='word_1_275' title='bbox 929 3067 1003 3108; x_wconf 92' lang='lat' dir='ltr'>ne</span> <span class='ocrx_word' id='word_1_276' title='bbox 1035 3057 1378 3127; x_wconf 91' lang='lat' dir='ltr'>peremptus</span> <span class='ocrx_word' id='word_1_277' title='bbox 1406 3048 1605 3128; x_wconf 89' lang='lat' dir='ltr'>stipite</span> <span class='ocrx_word' id='word_1_278' title='bbox 1633 3049 1702 3109; x_wconf 91' lang='lat' dir='ltr'>ad</span> <span class='ocrx_word' id='word_1_279' title='bbox 1735 3058 1953 3109; x_wconf 89' lang='lat' dir='ltr'>terram</span> <span class='ocrx_word' id='word_1_280' title='bbox 1985 3048 2245 3122; x_wconf 90' lang='lat' dir='ltr'>accidas;</span> 
     </span>
    </p>

    <p class='ocr_par' dir='ltr' id='par_1_9' title="bbox 781 3133 2026 3213">
     <span class='ocr_line' id='line_1_33' title="bbox 781 3133 2026 3213; baseline -0.002 -20"><span class='ocrx_word' id='word_1_281' title='bbox 781 3134 927 3193; x_wconf 91' lang='lat' dir='ltr'>haec</span> <span class='ocrx_word' id='word_1_282' title='bbox 958 3134 1114 3194; x_wconf 89' lang='lat' dir='ltr'>clava</span> <span class='ocrx_word' id='word_1_283' title='bbox 1144 3151 1316 3212; x_wconf 87' lang='lat' dir='ltr'>reges</span> <span class='ocrx_word' id='word_1_284' title='bbox 1345 3152 1521 3213; x_wconf 91' lang='lat' dir='ltr'>saepe</span> <span class='ocrx_word' id='word_1_285' title='bbox 1553 3133 1820 3194; x_wconf 83' lang='lat' dir='ltr'>mactavit</span> <span class='ocrx_word' id='word_1_286' title='bbox 1847 3134 2026 3194; x_wconf 89' lang='lat' dir='ltr'>feros.</span> 
     </span>
    </p>

    <p class='ocr_par' dir='ltr' id='par_1_10' title="bbox 783 3214 2084 3298">
     <span class='ocr_line' id='line_1_34' title="bbox 783 3214 2084 3298; baseline -0.002 -19"><span class='ocrx_word' id='word_1_287' title='bbox 783 3218 920 3298; x_wconf 91' lang='lat' dir='ltr'>quid</span> <span class='ocrx_word' id='word_1_288' title='bbox 959 3236 1119 3280; x_wconf 91' lang='lat' dir='ltr'>nunc</span> <span class='ocrx_word' id='word_1_289' title='bbox 1149 3219 1382 3297; x_wconf 78' lang='lat' dir='ltr'>profatu</span> <span class='ocrx_word' id='word_1_290' title='bbox 1415 3219 1575 3280; x_wconf 91' lang='lat' dir='ltr'>vocis</span> <span class='ocrx_word' id='word_1_291' title='bbox 1605 3219 1833 3281; x_wconf 89' lang='lat' dir='ltr'>incerto</span> <span class='ocrx_word' id='word_1_292' title='bbox 1864 3214 2084 3279; x_wconf 79' lang='lat' dir='ltr'>sonas?</span> 
     </span>
    </p>

    <p class='ocr_par' dir='ltr' id='par_1_11' title="bbox 782 3299 2255 3383">
     <span class='ocr_line' id='line_1_35' title="bbox 782 3299 2255 3383; baseline -0.001 -19"><span class='ocrx_word' id='word_1_293' title='bbox 782 3322 931 3383; x_wconf 86' lang='lat' dir='ltr'>quae</span> <span class='ocrx_word' id='word_1_294' title='bbox 963 3304 1168 3383; x_wconf 89' lang='lat' dir='ltr'>patria,</span> <span class='ocrx_word' id='word_1_295' title='bbox 1200 3322 1349 3382; x_wconf 88' lang='lat' dir='ltr'>quae</span> <span class='ocrx_word' id='word_1_296' title='bbox 1380 3322 1529 3382; x_wconf 87' lang='lat' dir='ltr'>gens</span> <span class='ocrx_word' id='word_1_297' title='bbox 1558 3304 1777 3365; x_wconf 91' lang='lat' dir='ltr'>mobile</span> <span class='ocrx_word' id='word_1_298' title='bbox 1808 3302 2008 3363; x_wconf 82' lang='lat' dir='ltr'>eduxit</span> <span class='ocrx_word' id='word_1_299' title='bbox 2038 3299 2255 3382; x_wconf 83' lang='lat' dir='ltr'>caput?</span> 
     </span>
    </p>

    <p class='ocr_par' dir='ltr' id='par_1_12' title="bbox 781 3387 2732 3554">
     <span class='ocr_line' id='line_1_36' title="bbox 782 3387 2732 3468; baseline -0.002 -18"><span class='ocrx_word' id='word_1_300' title='bbox 782 3387 1056 3451; x_wconf 87' lang='lat' dir='ltr'>edissere.</span> <span class='ocrx_word' id='word_1_301' title='bbox 1117 3388 1390 3468; x_wconf 90' lang='lat' dir='ltr'>equidem</span> <span class='ocrx_word' id='word_1_302' title='bbox 1420 3407 1602 3467; x_wconf 85' lang='lat' dir='ltr'>regna</span> <span class='ocrx_word' id='word_1_303' title='bbox 1635 3388 1946 3467; x_wconf 86' lang='lat' dir='ltr'>tergemini</span> <span class='ocrx_word' id='word_1_304' title='bbox 1982 3397 2191 3467; x_wconf 90' lang='lat' dir='ltr'>petens</span> <span class='ocrx_word' id='word_1_305' title='bbox 2673 3398 2732 3448; x_wconf 83' lang='lat'>35</span> 
     </span>
     <span class='ocr_line' id='line_1_37' title="bbox 781 3472 2101 3554; baseline -0.002 -20"><span class='ocrx_word' id='word_1_306' title='bbox 781 3474 1107 3554; x_wconf 83' lang='lat' dir='ltr'>longinqua</span> <span class='ocrx_word' id='word_1_307' title='bbox 1135 3475 1309 3553; x_wconf 86' lang='lat' dir='ltr'>regis,</span> <span class='ocrx_word' id='word_1_308' title='bbox 1341 3475 1500 3535; x_wconf 88' lang='lat' dir='ltr'>unde</span> <span class='ocrx_word' id='word_1_309' title='bbox 1529 3475 1602 3535; x_wconf 91' lang='lat' dir='ltr'>ab</span> <span class='ocrx_word' id='word_1_310' title='bbox 1635 3473 1921 3553; x_wconf 87' lang='lat' dir='ltr'>Hesperio</span> <span class='ocrx_word' id='word_1_311' title='bbox 1954 3472 2101 3536; x_wconf 89' lang='lat' dir='ltr'>mari</span> 
     </span>
    </p>

    <p class='ocr_par' dir='ltr' id='par_1_13' title="bbox 781 3558 2115 3638">
     <span class='ocr_line' id='line_1_38' title="bbox 781 3558 2115 3638; baseline 0 -20"><span class='ocrx_word' id='word_1_312' title='bbox 781 3560 1076 3620; x_wconf 86' lang='lat' dir='ltr'>Inachiam</span> <span class='ocrx_word' id='word_1_313' title='bbox 1110 3559 1180 3619; x_wconf 90' lang='lat' dir='ltr'>ad</span> <span class='ocrx_word' id='word_1_314' title='bbox 1211 3559 1419 3620; x_wconf 87' lang='lat' dir='ltr'>urbem</span> <span class='ocrx_word' id='word_1_315' title='bbox 1454 3558 1885 3620; x_wconf 79' lang='lat' dir='ltr'>nobileadvexi</span> <span class='ocrx_word' id='word_1_316' title='bbox 1914 3576 2115 3638; x_wconf 82' lang='lat' dir='ltr'>pecuS,</span> 
     </span>
    </p>

    <p class='ocr_par' dir='ltr' id='par_1_14' title="bbox 780 3643 1976 3722">
     <span class='ocr_line' id='line_1_39' title="bbox 780 3643 1976 3722; baseline 0.001 -19"><span class='ocrx_word' id='word_1_317' title='bbox 780 3644 895 3705; x_wconf 88' lang='lat' dir='ltr'>vidi</span> <span class='ocrx_word' id='word_1_318' title='bbox 926 3643 1159 3705; x_wconf 88' lang='lat' dir='ltr'>duobus</span> <span class='ocrx_word' id='word_1_319' title='bbox 1187 3644 1507 3705; x_wconf 91' lang='lat' dir='ltr'>imminens</span> <span class='ocrx_word' id='word_1_320' title='bbox 1536 3645 1724 3706; x_wconf 88' lang='lat' dir='ltr'>fluviis</span> <span class='ocrx_word' id='word_1_321' title='bbox 1754 3645 1976 3722; x_wconf 87' lang='lat' dir='ltr'>iugum,</span> 
     </span>
    </p>

    <p class='ocr_par' dir='ltr' id='par_1_15' title="bbox 781 3727 2167 3808">
     <span class='ocr_line' id='line_1_40' title="bbox 781 3727 2167 3808; baseline -0.002 -18"><span class='ocrx_word' id='word_1_322' title='bbox 781 3729 940 3807; x_wconf 90' lang='lat' dir='ltr'>quod</span> <span class='ocrx_word' id='word_1_323' title='bbox 970 3728 1245 3791; x_wconf 89' lang='lat' dir='ltr'>Phoebus</span> <span class='ocrx_word' id='word_1_324' title='bbox 1276 3740 1409 3790; x_wconf 89' lang='lat' dir='ltr'>ortu</span> <span class='ocrx_word' id='word_1_325' title='bbox 1440 3748 1676 3808; x_wconf 87' lang='lat' dir='ltr'>semper</span> <span class='ocrx_word' id='word_1_326' title='bbox 1706 3728 1953 3790; x_wconf 89' lang='lat' dir='ltr'>obverso</span> <span class='ocrx_word' id='word_1_327' title='bbox 1984 3727 2167 3800; x_wconf 88' lang='lat' dir='ltr'>videt,</span> 
     </span>
    </p>

    <p class='ocr_par' dir='ltr' id='par_1_16' title="bbox 781 3811 2730 3895">
     <span class='ocr_line' id='line_1_41' title="bbox 781 3811 2730 3895; baseline -0.002 -21"><span class='ocrx_word' id='word_1_328' title='bbox 781 3813 882 3875; x_wconf 93' lang='lat' dir='ltr'>ubi</span> <span class='ocrx_word' id='word_1_329' title='bbox 912 3814 1235 3875; x_wconf 90' lang='lat' dir='ltr'>Rhodanus</span> <span class='ocrx_word' id='word_1_330' title='bbox 1265 3815 1481 3894; x_wconf 91' lang='lat' dir='ltr'>ingens</span> <span class='ocrx_word' id='word_1_331' title='bbox 1510 3833 1682 3875; x_wconf 89' lang='lat' dir='ltr'>amne</span> <span class='ocrx_word' id='word_1_332' title='bbox 1714 3813 2064 3895; x_wconf 86' lang='lat' dir='ltr'>praerapido</span> <span class='ocrx_word' id='word_1_333' title='bbox 2098 3811 2243 3885; x_wconf 83' lang='lat' dir='ltr'>fluit,</span> <span class='ocrx_word' id='word_1_334' title='bbox 2674 3821 2730 3871; x_wconf 76' lang='grc' dir='ltr'>4ο</span> 
     </span>
    </p>
   </div>
   <div class='ocr_carea' id='block_1_3' title="bbox 479 3944 872 3957">
    <p class='ocr_par' dir='ltr' id='par_1_17' title="bbox 479 3944 872 3957">
     <span class='ocr_line' id='line_1_42' title="bbox 479 3944 872 3957; baseline 0 623"><span class='ocrx_word' id='word_1_335' title='bbox 479 3944 872 3957; x_wconf 95' lang='lat' dir='ltr'> </span> 
     </span>
    </p>
   </div>
   <div class='ocr_carea' id='block_1_4' title="bbox 479 4011 2628 4154">
    <p class='ocr_par' dir='ltr' id='par_1_18' title="bbox 479 4011 2628 4154">
     <span class='ocr_line' id='line_1_43' title="bbox 652 4011 2627 4082; baseline -0.001 -19"><span class='ocrx_word' id='word_1_336' title='bbox 652 4012 713 4062; x_wconf 88' lang='grc'>10</span> <span class='ocrx_word' id='word_1_337' title='bbox 739 4025 900 4078; x_wconf 84' lang='lat' dir='ltr'>aeque</span> <span class='ocrx_word' id='word_1_338' title='bbox 930 4012 1225 4065; x_wconf 79' lang='lat' dir='ltr'>Homericus</span> <span class='ocrx_word' id='word_1_339' title='bbox 1253 4019 1495 4081; x_wconf 75' lang='lat' dir='ltr'>suspecta</span> <span class='ocrx_word' id='word_1_340' title='bbox 1519 4016 1538 4082; x_wconf 87' lang='grc' dir='ltr'>ΙΙ</span> <span class='ocrx_word' id='word_1_341' title='bbox 1570 4018 1629 4070; x_wconf 85' lang='grc'>12</span> <span class='ocrx_word' id='word_1_342' title='bbox 1657 4015 1847 4068; x_wconf 87' lang='lat' dir='ltr'>homini</span> <span class='ocrx_word' id='word_1_343' title='bbox 1882 4013 2090 4066; x_wconf 86' lang='lat' dir='ltr'>minime</span> <span class='ocrx_word' id='word_1_344' title='bbox 2110 4014 2297 4064; x_wconf 70' lang='lat' dir='ltr'>lunius</span> <span class='ocrx_word' id='word_1_345' title='bbox 2321 4011 2340 4078; x_wconf 86' lang='grc' dir='ltr'>ΙΙ</span> <span class='ocrx_word' id='word_1_346' title='bbox 2369 4015 2432 4064; x_wconf 82' lang='lat'>15</span> <span class='ocrx_word' id='word_1_347' title='bbox 2464 4011 2627 4064; x_wconf 84' lang='lat' dir='ltr'>marci</span> 
     </span>
     <span class='ocr_line' id='line_1_44' title="bbox 479 4079 2628 4154; baseline 0.002 -28"><span class='ocrx_word' id='word_1_348' title='bbox 479 4080 788 4141; x_wconf 78' lang='lat' dir='ltr'>corruptum</span> <span class='ocrx_word' id='word_1_349' title='bbox 812 4095 881 4130; x_wconf 79' lang='lat' dir='ltr'>ea:</span> <span class='ocrx_word' id='word_1_350' title='bbox 905 4083 1116 4131; x_wconf 80' lang='lat' dir='ltr'>nomine</span> <span class='ocrx_word' id='word_1_351' title='bbox 1142 4084 1334 4146; x_wconf 81' lang='lat' dir='ltr'>opinor</span> <span class='ocrx_word' id='word_1_352' title='bbox 1350 4083 1572 4149; x_wconf 78' lang='lat' dir='ltr'>gallico,</span> <span class='ocrx_word' id='word_1_353' title='bbox 1609 4082 1680 4146; x_wconf 80' lang='lat' dir='ltr'>es&#39;.</span> <span class='ocrx_word' id='word_1_354' title='bbox 1702 4079 1917 4154; x_wconf 80' lang='grc' dir='ltr'><strong><em>μάρκαν</em></strong></span> <span class='ocrx_word' id='word_1_355' title='bbox 1942 4097 2107 4148; x_wconf 81' lang='lat' dir='ltr'>ecum,</span> <span class='ocrx_word' id='word_1_356' title='bbox 2143 4080 2526 4147; x_wconf 84' lang='lat' dir='ltr'>Marcomagum</span> <span class='ocrx_word' id='word_1_357' title='bbox 2553 4081 2628 4132; x_wconf 84' lang='lat' dir='ltr'>al.</span> 
     </span>
    </p>
   </div>
  </div>
 </body>
</html>
