2881 4580
1218 245 1502 300 SATIRAE
2360 248 2441 307 49

193 427 244 478 H
263 421 557 494 cuissent‚
606 420 865 481 ducente
893 438 1002 499 per
1046 419 1342 499 porticum
1374 420 1593 482 Gitone
1625 419 1694 481 ad
1727 420 1960 481 ianuam
1992 420 2290 495 venimus,
2336 421 2441 483 ubi

261 507 428 568 canis
465 504 809 566 catenarius
838 512 1003 566 tanto
1037 524 1149 567 nos
1178 506 1436 567 tumultu
1470 504 1733 585 excepit,
1779 514 1844 567 ut
1874 506 2143 587 Ascyltos
2172 506 2346 568 etiam
2377 508 2437 570 in

262 591 553 671 piscinam
586 590 887 652 ceciderit.
933 609 1047 651 nec
1076 609 1199 652 non
1233 609 1345 671 ego
1375 609 1617 670 quoque
1641 588 1860 666 ebrius,
1893 592 1993 671 qui
2018 592 2193 652 etiam
2213 592 2439 671 pictum

261 678 582 738 timueram
627 694 872 750 canem,
919 676 1060 736 dum
1098 676 1322 738 natanti
1354 695 1527 755 opem
1559 677 1718 750 sero,
1763 677 1826 737 in
1860 677 2113 738 eundem
2146 678 2439 757 gurgitem

189 771 219 820 5
261 771 493 823 tractus
536 778 690 823 sum.
752 761 1001 822 servavit
1045 780 1157 822 nos
1200 770 1396 822 tamen
1440 762 1750 835 atriensiS‚
1796 762 1899 840 qui
1945 762 2284 825 interventu
2329 783 2438 825 suo

264 856 323 908 et
367 865 580 908 canem
625 846 876 926 placavit
920 855 980 907 et
1023 865 1135 907 nos
1179 855 1504 908 trementes
1550 847 1800 908 extraxit
1843 847 1903 907 in
1951 848 2193 909 siccum.
2250 854 2309 909 et
2337 848 2440 911 Gi-

261 941 368 994 ton
419 932 660 1011 quidem
707 931 819 991 iam
853 931 1077 993 dudum
1109 950 1173 992 se
1203 932 1435 993 ratione
1467 932 1803 994 acutissima
1833 932 2165 994 redemerat
2195 951 2228 993 a
2257 952 2440 1008 cane;

264 1016 551 1097 quicquid
582 1017 744 1079 enim
773 1035 807 1077 a
837 1016 1013 1078 nobis
1044 1026 1356 1097 acceperat
1386 1017 1459 1077 de
1490 1036 1637 1078 cena
1658 1062 1674 1091 ,
1706 1017 1942 1079 latranti
1974 1025 2300 1098 sparserat3
2334 1014 2439 1105 [at]

263 1102 361 1164 ille
407 1111 685 1164 avocatus
729 1101 864 1163 cibo
910 1102 1172 1163 furorem
1216 1112 1648 1182 suppresserat.
1709 1111 1975 1164 ceterum
2006 1121 2140 1164 cum
2175 1103 2440 1183 algentes

162 1196 219 1247 10
263 1188 475 1266 utique
518 1187 873 1267 petissemus
917 1188 990 1247 ab
1034 1188 1328 1260 atriense,
1375 1198 1445 1249 ut
1490 1207 1601 1249 nos
1646 1196 1810 1249 extra
1854 1188 2092 1249 ianuam
2124 1190 2437 1264 emitteret,

265 1272 472 1334 ‘erras’
517 1272 714 1351 inquit
757 1273 827 1334 ‘si
871 1281 1043 1351 putas
1087 1283 1146 1334 te
1191 1273 1350 1333 exire
1396 1273 1508 1333 hac
1551 1292 1760 1352 posse,
1808 1292 1924 1352 qua
1967 1275 2199 1336 venisti.
2260 1294 2437 1336 nemo

264 1376 533 1437 unquam
579 1357 957 1419 convivarum
1002 1376 1113 1438 per
1155 1358 1403 1419 eandem
1450 1358 1687 1419 ianuam
1733 1359 1981 1419 emissus
2025 1368 2142 1435 est;
2187 1359 2300 1420 alia
2343 1361 2438 1420 in-

265 1452 459 1517 trant,
503 1443 611 1504 alia
658 1442 916 1504 exeunt’.
1006 1443 1147 1522 quid
1191 1444 1476 1506 faciamus
1519 1442 1790 1504 homines
1834 1443 2150 1504 miserrimi
2195 1452 2254 1505 et
2299 1446 2437 1507 novi
2460 1450 2540 1513 73

265 1529 507 1608 generis
563 1527 899 1608 labyrintho
956 1528 1202 1602 inclusi,
1262 1529 1478 1607 quibus
1537 1528 1713 1589 lavari
1759 1528 1874 1589 iam
1919 1538 2196 1608 coeperat
2239 1536 2439 1592 votum

165 1625 220 1675 15
265 1611 441 1676 esse?
487 1613 643 1674 ultro
691 1631 834 1691 ergo
880 1613 1240 1694 rogavimuS,
1287 1623 1354 1675 ut
1398 1633 1511 1675 nos
1556 1614 1625 1674 ad
1667 1613 1944 1675 balneum
1978 1612 2250 1688 duceret,
2296 1633 2438 1694 pro-

265 1700 556 1777 iectisque
584 1698 969 1773 vestimentiS,
1003 1717 1154 1777 quae
1178 1699 1355 1760 Giton
1388 1699 1450 1759 in
1483 1698 1644 1760 aditu
1665 1700 1887 1761 siccare
1912 1699 2128 1780 coepit,
2159 1699 2437 1762 balneum

263 1785 650 1858 intravimus,
695 1793 1011 1864 angustum
1059 1783 1284 1845 scilicet
1328 1794 1387 1845 et
1420 1785 1714 1846 cisternae
1747 1784 2077 1864 frigidariae
2106 1784 2328 1861 simile,
2375 1787 2437 1847 in

264 1888 386 1949 quo
412 1868 771 1931 Trimalchio
801 1876 1000 1931 rectus
1030 1869 1235 1930 stabat.
1282 1887 1350 1930 ac
1374 1888 1453 1931 ne
1482 1870 1568 1931 sic
1600 1869 1837 1949 quidem
1861 1870 2290 1950 putidissimam
2313 1872 2442 1934 eius

266 1955 645 2016 iactationem
675 1954 844 2016 licuit
873 1955 1170 2034 effugere3
1216 1973 1352 2015 nam
1384 1955 1532 2016 nihil
1560 1955 1772 2017 melius
1802 1974 1932 2017 esse
1963 1955 2225 2030 dicebat,
2260 1975 2435 2036 quam

162 2051 222 2104 20
263 2040 396 2102 sine
447 2040 625 2101 turba
667 2041 877 2115 lavari,
935 2049 996 2100 et
1039 2058 1110 2100 eo
1155 2039 1285 2119 ipso
1330 2041 1463 2101 loco
1508 2040 1825 2120 aliquando
1872 2040 2191 2119 pistrinum
2236 2043 2437 2105 fuisse.

263 2125 483 2187 deinde
514 2134 581 2186 ut
610 2126 858 2187 lassatus
889 2125 1192 2199 consedit,
1239 2125 1516 2187 invitatus
1548 2124 1746 2186 balnei
1791 2144 1941 2186 sono
1987 2124 2215 2186 diduxit
2248 2146 2438 2207 usque

264 2212 335 2271 ad
368 2229 663 2272 cameram
696 2230 765 2272 os
793 2210 1024 2271 ebrium
1057 2219 1116 2271 et
1144 2211 1342 2290 coepit
1368 2211 1725 2272 Menecratis
1753 2210 1981 2271 cantica
2011 2210 2290 2285 lacerare,
2322 2213 2438 2274 sic-

264 2308 331 2359 ut
376 2298 459 2358 illi
505 2297 809 2371 dicebant,
854 2297 957 2375 qui
988 2296 1253 2376 linguam
1283 2297 1411 2357 eius
1442 2295 1884 2374 intellegebant.
1943 2296 2126 2356 ceteri
2159 2298 2438 2359 convivae

265 2383 424 2445 circa
469 2382 703 2443 labrum
749 2382 1025 2443 manibus
1055 2382 1224 2443 nexis
1254 2381 1577 2442 currebant
1608 2390 1670 2442 et
1696 2380 2025 2460 gingilipho
2056 2380 2285 2459 ingenti
2317 2383 2437 2445 cla·

163 2479 218 2528 23
263 2486 432 2530 more
461 2467 776 2530 sonabant.
832 2467 928 2527 alii
957 2476 1151 2528 autem
1185 2461 1329 2551 [aut]
1364 2466 1652 2528 restrictis
1682 2464 1958 2527 manibus
1987 2466 2198 2527 anulos
2228 2467 2301 2529 de
2332 2487 2438 2549 pa-

263 2555 526 2616 vimento
574 2551 951 2614 conabantur
993 2552 1201 2613 tollere
1245 2560 1347 2612 aut
1389 2551 1584 2631 posito
1629 2570 1787 2632 genu
1819 2550 2079 2612 cervices
2108 2560 2242 2632 post
2272 2562 2434 2634 terga

262 2640 505 2701 flectere
549 2648 611 2700 et
652 2639 872 2717 pedum
914 2648 1209 2699 extremos
1238 2637 1484 2716 pollices
1510 2645 1773 2717 tangere.
1837 2655 1979 2709 noS‚
2026 2636 2168 2697 dum
2199 2638 2296 2698 alii
2325 2638 2436 2699 sibi

260 2726 434 2787 ludos
464 2724 711 2798 faciunt,
743 2725 803 2785 in
835 2723 1067 2798 solium,
1099 2722 1258 2802 quod
1291 2722 1715 2784 Trimalchioni
1748 2721 2157 2803 vaporabatur,
2190 2724 2437 2785 descen-

260 2811 477 2872 dimuS.

161 2906 217 2957 30
433 2913 577 2975 ergo
623 2893 908 2955 ebrietate
953 2892 1217 2954 discussa
1261 2892 1321 2953 in
1368 2893 1527 2953 aliud
1573 2893 1896 2954 triclinium
1943 2893 2181 2955 deducti
2210 2911 2435 2967 sumus,

260 2980 723 3043 ubi-Fortunata
767 2978 1139 3058 disposuerat
1181 2978 1434 3039 lautitias
1479 2973 1661 3063 [suas]
1707 2979 1784 3040 ita
1830 2987 1897 3039 ut
1939 2997 2121 3060 supra
2165 2979 2440 3040 lucernas

669 3065 1068 3144 aeneolosque
1096 3063 1423 3143 piscatores
1455 3064 1781 3125 notaverim
1812 3073 1871 3124 et
1901 3081 2135 3125 mensas
2163 3072 2316 3126 totas
2346 3083 2439 3124 ar-

261 3157 510 3231 genteas
554 3150 885 3229 calicesque
930 3148 1088 3209 circa
1115 3148 1324 3209 fictiles
1366 3149 1670 3211 inauratos
1699 3158 1760 3210 et
1786 3149 1988 3209 vinum
2018 3150 2079 3210 in
2112 3159 2438 3228 conspectu

263 3254 439 3299 sacco
500 3235 785 3296 defluens.
872 3242 997 3294 tum
1052 3234 1406 3295 Trimalchio
1456 3233 1690 3295 ‘amici'
1735 3235 1932 3313 inquit
1974 3233 2181 3294 ‘hodie
2234 3252 2440 3295 servus

165 3331 221 3381 35
263 3340 437 3384 meus
466 3320 865 3382 barbatoriam
898 3319 1070 3395 fecit,
1116 3320 1295 3380 homo
1327 3319 1666 3398 praefiscini
1694 3319 1852 3399 frugi
1884 3327 1943 3379 et
1971 3317 2268 3380 micarius.
2328 3318 2437 3379 ita-

265 3425 385 3487 que
430 3416 819 3485 tengomenas
861 3405 1145 3466 saciamus
1187 3413 1247 3465 et
1290 3424 1479 3484 usque
1525 3406 1584 3466 in
1631 3405 1824 3465 lucem
1869 3401 2203 3464 cenemus’.
2292 3403 2436 3464 haec
2459 3405 2538 3465 74

265 3492 503 3553 dicente
547 3509 619 3552 eo
663 3491 852 3571 gallus
896 3490 1255 3569 gallinaceus
1300 3490 1571 3551 cantavit.
1632 3508 1748 3568 qua
1792 3507 1935 3549 voce
1980 3489 2268 3550 confusus
2306 3488 2438 3549 Tri-
2531 3539 2538 3546 .

267 3576 519 3638 malchio
549 3576 753 3638 vinum
783 3575 894 3637 sub
927 3593 1130 3636 mensa
1160 3574 1331 3637 iussit
1361 3576 1584 3636 effundi
1616 3576 2039 3653 lucernamque
2070 3573 2247 3634 etiam
2271 3592 2438 3635 mero

440 3747 472 3797 3
511 3744 704 3809 ebrius]
742 3748 993 3808 expectas
1017 3743 1222 3794 territus
1247 3742 1266 3809 ΙΙ
1297 3745 1359 3795 10
1382 3746 1516 3807 puto
1540 3740 1732 3810 udique
1759 3738 1779 3808 ΙΙ
1807 3744 1864 3794 17
1905 3740 1956 3791 in
1994 3756 2112 3809 qua.
2135 3743 2252 3793 sim
2275 3741 2438 3793 dubio

274 3815 404 3864 haec
419 3814 763 3864 Petroniam}
797 3814 1045 3863 breviora
1072 3811 1091 3877 Ι]
1119 3813 1181 3863 18
1200 3809 1431 3871 fortasse
1466 3810 1583 3862 istic
1614 3811 1622 3875 Ι
1653 3808 2028 3875 putidissimam
2066 3810 2112 3861 ei
2151 3810 2402 3862 actionem
2423 3810 2440 3872 ll

270 3884 336 3933 24
372 3880 565 3947 singuli
602 3880 796 3946 sophos
833 3880 1082 3930 Heinsius
1104 3878 1123 3947 ΙΙ
1153 3881 1218 3931 25
1254 3877 1550 3930 exonabant
1590 3878 1611 3944 11
1654 3880 1716 3931 27
1754 3878 1896 3929 malo
1932 3878 2008 3932 illi
2035 3877 2055 3945 ΙΙ
2082 3879 2146 3929 28
2183 3878 2234 3928 in
2273 3878 2386 3930 solo
2426 3875 2434 3944 1

270 3952 583 4015 pervapatur
626 3948 721 3999 sed
765 3950 825 3998 in
881 3951 1131 4013 margine
1175 3947 1239 3998 al.
1278 3946 1553 4014 parabatur
1594 3946 1615 4014 ΙΙ
1657 3949 1716 4000 31
1760 3961 1879 3999 suas
1915 3949 1973 3997 in
2012 3945 2191 3998 codice
2227 3946 2443 3997 videtur

272 4020 602 4084 eia-punctum
626 4016 646 4083 ΙΙ
674 4017 737 4068 35
777 4016 1095 4068 babatoriam
1120 4014 1140 4082 ΙΙ
1167 4017 1232 4068 36
1269 4019 1425 4082 tango
1462 4029 1639 4067 menas

377 4108 581 4151 Petronii
608 4107 777 4152 satirae
809 4107 881 4151 ed.
911 4107 972 4150 ΙΙΙ
1991 4102 2024 4151 4
