2881 4580
1137 297 1513 352 MENlPPEAE
2266 297 2387 357 187

1215 470 1294 531 111
1328 470 1411 547 (2)

1783 556 1939 636 siqui
1969 556 2238 636 patriam,
2434 562 2521 615 235

543 638 823 700 Πιόίοῐοῐη
857 644 1161 719 parentem
1188 640 1497 719 extinguit,
1532 646 1592 701 in
1629 660 1699 701 eo
1725 650 1811 703 est
1842 641 2032 721 culpa,
2066 642 2222 720 quod
2255 643 2390 704 facit.

541 742 787 870 prodsua
815 733 983 804 parte
1014 725 1064 786 is
1095 725 1196 804 qui
1227 743 1290 786 se
1322 727 1624 787 eunuchat
1656 735 1759 787 aut
1786 726 1858 787 ali
1892 727 1993 805 qui
2024 726 2242 789 liberos

542 827 651 887 per
694 817 814 871 ucit

452 1014 625 1057 nemo
659 1006 747 1058 est
774 1005 892 1056 tam
927 996 1266 1075 neglegenS,
1299 998 1443 1076 quin
1476 1017 1706 1061 summa
1736 998 2038 1079 diligentia
2069 999 2244 1079 eligat
2275 999 2388 1062 asi·
2434 1007 2521 1062 236

233 1099 404 1155 num,
437 1082 539 1160 qui
571 1099 737 1143 suam
767 1081 933 1143 saliat
963 1080 1216 1162 equilam

1229 1200 1275 1259 V
1306 1204 1393 1279 (5)

452 1302 798 1365 exercebam
830 1300 1211 1378 ambulando,
1255 1312 1322 1364 ut
1364 1304 1461 1366 siti
1509 1303 1785 1384 capacior
1826 1303 1896 1364 ad
1927 1321 2131 1365 cenam
2165 1305 2393 1366 veniret
2435 1313 2522 1365 237

236 1397 445 1467 guttur

1221 1472 1293 1532 vl
1326 1474 1414 1553 (1)

449 1583 656 1637 contra
686 1573 781 1634 lex
811 1573 1038 1636 Maenia
1070 1583 1160 1637 est
1188 1574 1249 1635 in
1282 1575 1517 1655 pietate,
1551 1592 1626 1634 ne
1657 1573 1759 1635 filii
1790 1573 2058 1653 patribus
2087 1574 2203 1635 luci
2235 1574 2392 1635 claro
2438 1584 2523 1637 238

240 1659 561 1739 suggillent
592 1659 795 1721 oculos

1202 1760 1304 1820 vn
1349 1761 1436 1837 (4)

451 1861 521 1922 ad
555 1862 797 1923 biviram
829 1861 1022 1923 venio.
1071 1880 1205 1924 cum
1239 1862 1446 1924 vellem
1478 1861 1811 1938 ostendere,
1855 1862 1995 1942 quid
2019 1862 2246 1934 vellem,
2272 1861 2394 1924 Me·
2438 1873 2524 1924 239

236 1948 483 2009 tamelos
513 1947 951 2009 Inconstantiae
981 1947 1136 2009 filius
1162 1966 1256 2009 me
1287 1946 1672 2028 reprehendit

1189 2065 1319 2127 vm
1352 2068 1438 2143 (8)

451 2169 620 2247 signa
674 2185 838 2230 sacra
891 2186 1017 2230 esse
1071 2167 1377 2230 desierunt
1425 2175 1634 2247 postea
1701 2183 1875 2245 quam
1931 2166 2204 2229 homines
2256 2177 2397 2229 sunt
2439 2180 2524 2232 240

239 2253 374 2316 facti

1174 2337 1329 2398 vllll
1362 2339 1451 2415 (9)

453 2458 649 2520 neque
693 2441 755 2502 in
801 2440 960 2502 bona
1002 2448 1200 2518 segete
1235 2440 1465 2500 nullum
1511 2448 1600 2501 est
1628 2438 1858 2519 spicum
1890 2456 2163 2517 nequam,
2196 2457 2394 2518 neque
2437 2452 2522 2504 241

250 2525 306 2585 in
338 2526 487 2587 mala
518 2545 640 2587 non
673 2526 910 2606 aliquod
942 2524 1167 2586 honum

1084 2711 1546 2764 ΛΟΓΟΜΑΧΙΑ

1299 2830 1323 2891 1

547 2933 691 2993 haec
719 2932 1012 3011 lanigeras
1042 2932 1351 2994 detonderi
1382 2934 1586 2995 docuit
1629 2932 2014 3012 tunicareque
2061 2932 2391 2993 homullum
2440 2945 2525 2996 242

1268 3067 1368 3128 11*

455 3186 730 3267 Epicurei
756 3188 949 3248 dicunt
976 3206 1266 3248 summum
1298 3186 1364 3247 bo
1374 3206 1518 3250 num
1546 3179 1818 3271 ἡδονήν,
1853 3185 2033 3248 Stoici
2053 3185 2197 3248 Ιιαηο
2226 3186 2394 3266 ynlae
2438 3200 2523 3251 243

251 3282 304 3333 et
333 3275 591 3352 corporis
620 3271 912 3334 libidinem
943 3275 1349 3343 criminantur,
1383 3274 1465 3349 [at
1494 3272 1586 3333 illi
1611 3271 1834 3348 volunt]
1876 3267 1993 3356 τὴν
2028 3261 2394 3354 ἀταραξίαν

245 3358 364 3442 τῆς
399 3357 634 3441 ψυχῆς,
666 3356 769 3418 hoc
799 3366 878 3417 est
907 3354 1058 3417 nihil
1084 3359 1281 3417 timere
1309 3375 1412 3418 nec
1443 3375 1658 3437 cupere,
1688 3375 1978 3418 summum
2010 3357 2222 3418 bonum
2252 3375 2386 3419 esse.

246 3443 399 3504 unde
439 3440 618 3504 Varro
651 3442 787 3504 dicit
818 3439 1222 3523 λογομαχίαν
1253 3444 1407 3503 inter
1436 3441 1566 3503 illos
1595 3460 1707 3503 esse

418 3662 519 3714 235
556 3659 625 3715 N.
653 3676 711 3726 p.
736 3662 832 3713 106
869 3658 1158 3712 eunuchare
1189 3659 1198 3725 Ι
1229 3657 1507 3725 producitss
1535 3659 1634 3710 236
1670 3656 1737 3709 Ν.
1758 3674 1811 3724 p.
1835 3659 1933 3710 106
1969 3656 2216 3725 equilum:
2254 3662 2396 3709 octo·

247 3731 408 3782 nario
443 3731 674 3781 iambico
711 3730 988 3780 trochaeos
1011 3729 1323 3778 subiunctos
1337 3729 1561 3792 putavit
1576 3725 1638 3777 L.
1657 3725 1943 3776 Muellerus
2014 3727 2110 3778 237
2136 3724 2205 3778 Ν.
2217 3742 2274 3792 p.
2296 3726 2394 3779 2οἹ

247 3802 424 3866 guttur
465 3799 474 3866 Ι
515 3797 724 3849 dubites
757 3814 827 3848 an
863 3811 1113 3847 numeros
1145 3796 1398 3845 restituas
1446 3795 1746 3845 trochaicos
1779 3794 1957 3846 exerce
1995 3808 2050 3845 ar
2086 3794 2395 3846 ambulando

245 3867 320 3918 uti
370 3865 456 3919 siti
493 3863 836 3932 capacior-ad
871 3880 1048 3917 cenam
1090 3862 1110 3930 ΙΙ
1155 3864 1252 3916 238
1289 3860 1355 3916 Ν.
1388 3878 1443 3928 p.
1484 3865 1575 3915 171
1624 3861 1901 3927 suggillare
1937 3861 1959 3928 ΙΙ
2005 3863 2103 3915 239
2138 3861 2206 3914 Ν.
2237 3878 2293 3928 p.
2332 3865 2396 3915 79

246 3934 441 3986 biviras
468 3934 488 4002 ΙΙ
513 3936 611 3987 240
629 3933 696 3985 Ν.
713 3949 766 4000 p.
793 3935 891 3987 397
929 3947 1129 3985 sacrum
1160 3930 1168 3997 Ι
1199 3930 1385 3996 signati
1421 3944 1564 3982 sacra
1600 3931 1743 3981 unde
1777 3936 1884 3982 tum
1911 3930 2126 3997 Lipsius
2149 3931 2388 3995 addiditl

252 4002 375 4055 facti
411 4008 532 4054 sunt
566 4002 698 4054 sacri
732 4000 1068 4067 Frater-insu
1095 4002 1189 4052 241
1228 3997 1299 4051 Ν.
1330 4014 1384 4064 p.
1422 4001 1520 4051 225
1557 4000 1730 4066 spicae

421 4072 521 4123 242
558 4069 626 4122 Ν.
658 4086 713 4138 p.
754 4072 851 4123 182
885 4069 1113 4121 tunicare
1139 4066 1159 4136 ΙΙ
1186 4069 1283 4120 243
1322 4068 1624 4134 porphyrio
1662 4067 1791 4119 Hor.
1823 4070 1923 4117 sat.
1959 4065 1999 4117 11
2037 4068 2070 4118 4
