2881 4580
1203 287 1484 342 SATIRAE
2322 285 2355 344 7
2367 286 2400 345 7

568 504 569 509 ,
1312 482 1346 521 *

148 565 235 616 Lo
416 548 428 629 Ι
468 558 736 611 ceterum
766 546 1123 625 Eumolpos,
1169 556 1230 609 et
1272 546 1729 626 periclitantium
1774 547 2090 609 advocatus
2133 557 2192 609 et
2236 567 2407 629 prae-

247 634 438 697 sentis
470 633 829 696 concordiae
861 641 1097 706 auctor,
1145 650 1221 693 ne
1252 632 1455 693 sileret
1484 632 1613 694 sine
1643 632 1859 694 fabulis
1887 633 2177 706 hilaritas,
2226 634 2408 695 multa

251 721 313 781 in
360 719 717 782 muliebrem
760 718 1055 779 levitatem
1100 718 1298 796 coepit
1340 718 1587 779 iactare:
1634 735 1809 795 quam
1853 719 2021 780 facile
2052 719 2408 791 adamarent,

253 824 432 885 quam
457 806 578 866 cito
602 805 777 866 etiam
799 803 1058 864 filiorum
1082 802 1592 877 obliviscerentur,
1617 803 1956 882 nullamque
1980 821 2110 866 esse
2131 806 2408 866 seminam

177 902 208 951 5
251 901 367 952 tam
414 891 725 970 pudicam,
770 907 924 967 quae
971 907 1094 950 non
1141 889 1459 968 peregrina
1505 888 1747 949 libidine
1792 907 1983 968 usque
2028 890 2098 950 ad
2143 892 2407 952 furorem

254 985 641 1038 averteretur.
705 993 819 1036 nec
861 993 924 1036 se
967 974 1298 1052 tragoedias
1340 984 1569 1035 veteres
1613 991 1821 1035 curare
1866 983 1969 1036 aut
2012 976 2253 1036 nomina
2282 993 2410 1037 sae-

256 1062 404 1123 culis
451 1071 620 1134 nota,
666 1061 766 1122 sed
814 1077 941 1120 rem
982 1077 1086 1120 sua
1115 1059 1398 1121 memoria
1429 1060 1671 1131 factam,
1704 1078 1879 1138 quam
1912 1062 2317 1139 expositurum
2351 1081 2414 1123 se

256 1167 386 1208 esse
404 1192 421 1220 ,
453 1147 502 1207 si
533 1146 818 1207 vellemus
847 1144 1069 1205 audire.
1128 1144 1430 1207 conversis
1460 1145 1643 1224 igitur
1671 1146 1940 1207 omnium
1971 1145 2029 1207 in
2066 1166 2131 1209 se
2158 1146 2417 1209 vultibus

208 1292 211 1297 ⁴
257 1232 619 1310 auribusque
647 1231 735 1293 sic
764 1249 935 1291 orsus
965 1239 1082 1290 est:

158 1326 215 1377 10
434 1323 723 1377 ‘matrona
755 1315 1038 1412 quaedam
1071 1314 1291 1395 Ephesi
1321 1324 1444 1374 tam
1476 1324 1650 1375 notae
1681 1326 1808 1376 erat
1837 1316 2192 1394 pudicitiae,
2240 1326 2305 1378 ut
2333 1319 2415 1379 vi·
2471 1318 2582 1379 111

258 1403 528 1464 cinarum
572 1419 812 1481 quoque
856 1401 1123 1480 gentium
1167 1400 1416 1461 feminas
1461 1399 1533 1460 ad
1573 1401 1975 1480 spectaculum
2005 1403 2096 1463 sui
2125 1415 2412 1464 evocaret.

260 1489 404 1549 haec
450 1506 593 1568 ergo
639 1505 776 1549 cum
806 1488 993 1547 virum
1026 1485 1357 1558 extulisset,
1403 1504 1524 1547 non
1562 1494 1842 1546 contenta
1872 1486 2095 1565 vulgari
2124 1505 2291 1549 more
2321 1490 2412 1549 fu·

263 1592 376 1635 nus
419 1573 609 1652 passis
650 1572 936 1653 prosequi
979 1569 1250 1633 crinibus
1293 1582 1394 1631 aut
1438 1570 1725 1632 nudatum
1757 1582 1965 1651 pectus
1992 1573 2055 1634 in
2088 1583 2413 1653 conspectu

263 1659 635 1738 frequentiae
679 1658 996 1756 plangere,
1052 1658 1113 1717 in
1160 1656 1557 1717 conditorium
1604 1657 1778 1718 etiam
1824 1668 2135 1737 prosecuta
2180 1667 2270 1721 est
2314 1660 2414 1721 de-

163 1756 220 1806 15
259 1746 553 1818 sunctum,
584 1744 963 1824 positumque
994 1743 1056 1803 in
1088 1741 1392 1822 hypogaeo
1419 1742 1646 1808 Graeco
1677 1761 1844 1804 more
1874 1762 2092 1823 corpus
2120 1745 2417 1807 custodire

265 1849 334 1891 ac
377 1830 521 1890 flere
567 1830 705 1891 totis
750 1827 1030 1890 noctibus
1074 1827 1400 1906 diebusque
1445 1828 1659 1908 coepit.
1719 1829 1804 1890 sic
1847 1829 2226 1891 afflictantem
2257 1850 2320 1892 se
2351 1850 2417 1893 ac

264 1922 517 1976 mortem
562 1914 758 1975 inedia
799 1921 1259 1992 persequentem
1295 1931 1416 1973 non
1450 1921 1728 1993 parentes
1756 1923 2086 1994 potuerunt
2106 1915 2418 1990 abducere,

268 2020 390 2061 non
423 1999 783 2079 propinqui;
828 1998 1205 2078 magistratus
1241 1998 1449 2059 ultimo
1481 1999 1702 2078 repulsi
1731 1998 2041 2073 abierunt,
2087 2002 2421 2081 complora-

266 2095 445 2165 taque
489 2084 806 2164 singularis
850 2083 1101 2162 exempli
1147 2084 1365 2144 semina
1400 2083 1474 2144 ab
1506 2084 1784 2146 omnibus
1815 2086 2091 2163 quintum
2121 2086 2233 2146 iam
2267 2088 2421 2148 diem

167 2188 225 2238 20
267 2171 398 2232 sine
429 2171 710 2232 alimento
741 2168 1027 2239 trahebat.
1088 2168 1377 2230 assidebat
1408 2188 1618 2248 aegrae
1648 2170 1925 2231 fidissima
1957 2170 2185 2245 ancilla,
2217 2173 2423 2233 simul-

268 2275 387 2337 que
432 2265 492 2318 et
534 2256 805 2318 lacrimas
846 2254 1257 2317 commodabat
1301 2254 1563 2333 lugenti,
1609 2263 1668 2315 et
1711 2255 2231 2335 quotienscunque
2261 2258 2423 2319 defe-

268 2350 434 2405 cerat
459 2343 724 2422 positum
754 2342 814 2402 in
841 2350 1232 2402 monumento
1255 2339 1457 2401 lumen
1484 2339 1823 2400 renovabat.
1871 2358 1987 2400 una
2011 2341 2194 2418 igitur
2216 2342 2277 2402 in
2301 2352 2425 2404 tota

271 2428 504 2490 civitate
534 2427 731 2488 fabula
763 2436 920 2500 erat,
966 2426 1159 2488 solum
1191 2425 1329 2486 illud
1364 2425 1652 2486 affulsisse
1679 2443 1886 2486 verum
1918 2425 2231 2504 pudicitiae
2261 2446 2424 2489 amo-

266 2513 471 2593 risque
503 2513 838 2593 exemplum
869 2512 1064 2573 omnis
1093 2510 1320 2573 ordinis
1348 2510 1622 2571 homines
1651 2509 2118 2585 confitebantur,
2161 2531 2299 2574 cum
2330 2514 2425 2575 in-

172 2614 228 2665 25
272 2600 448 2660 terim
492 2599 817 2677 imperator
847 2597 1186 2677 provinciae
1217 2596 1481 2657 latrones
1510 2595 1680 2657 iussit
1710 2594 1989 2658 crucibus
2020 2597 2178 2678 affigi
2210 2617 2430 2660 secun-.-

270 2684 413 2745 dum
470 2684 626 2745 illam
686 2682 972 2757 casulam,
1029 2683 1091 2743 in
1138 2700 1253 2760 qua
1298 2700 1510 2743 recens
1555 2683 1799 2743 cadaver
1841 2691 2112 2743 matrona
2157 2683 2427 2745 deflebat.

269 2769 541 2849 proxima
573 2787 716 2849 ergo
749 2777 957 2842 nocte,
1004 2786 1140 2830 cum
1171 2767 1371 2842 miles,
1411 2767 1515 2846 qui
1546 2785 1755 2829 cruces
1783 2767 2147 2842 asservabat,
2190 2788 2266 2831 ne
2298 2771 2430 2850 quis

270 2855 344 2915 ad
389 2854 752 2935 sepulturam
799 2872 1018 2933 corpus
1049 2851 1411 2928 detraheret,
1464 2861 1727 2914 notasset
1757 2852 1869 2914 sibi
1900 2849 2005 2937 [et]
2038 2854 2240 2916 lumen
2271 2855 2432 2917 inter

222 2981 247 3020 5
271 2948 663 3003 monumenta
705 2939 921 3001 clarius
965 2938 1200 3016 fulgens
1243 2947 1303 2999 et
1345 2938 1631 3018 gemitum
1673 2939 1931 3018 lugentis
1960 2940 2249 3014 audisset,
2293 2942 2431 3002 vitio

175 3042 231 3091 30
273 3026 472 3105 gentis
503 3026 795 3086 humanae
827 3024 1135 3103 concupiit
1162 3023 1333 3097 scire,
1362 3025 1498 3101 quis
1528 3033 1629 3084 aut
1657 3024 1798 3102 quid
1827 3025 2068 3085 faceret.
2128 3026 2435 3088 descendit

276 3111 462 3191 igitur
492 3110 553 3170 in
589 3109 1021 3183 conditorium,
1065 3109 1303 3187 visaque
1334 3108 1731 3189 pulcherrima
1763 3110 2009 3171 muliere
2043 3111 2235 3190 primo
2269 3111 2434 3190 quasi

277 3196 533 3275 quodam
552 3204 823 3257 monstro
848 3195 1218 3273 infernisque
1241 3193 1598 3273 imaginibus
1619 3194 1892 3257 turbatus
1915 3196 2190 3257 substitit.
2221 3197 2434 3256 deinde

276 3292 344 3343 ut
389 3289 450 3342 et
493 3299 713 3361 corpus
757 3280 1005 3341 iacentis
1042 3279 1350 3358 conspexit
1381 3287 1438 3339 et
1469 3279 1740 3341 lacrimas
1772 3280 2165 3341 consideravit
2193 3280 2434 3340 faciem-

278 3386 398 3445 que
442 3366 747 3445 unguibus
790 3375 1038 3436 sectam,
1084 3372 1246 3425 ratus
1289 3363 1516 3425 scilicet
1558 3364 1617 3425 id
1662 3366 1821 3444 quod
1867 3373 2021 3437 erat,
2078 3364 2437 3425 desiderium

172 3467 233 3516 35
277 3452 526 3513 extincti
559 3470 679 3513 non
713 3470 888 3531 posse
911 3449 1190 3511 feminam
1214 3449 1353 3529 pati,
1385 3450 1580 3511 attulit
1600 3450 1660 3510 in
1685 3458 2141 3511 monumentum
2164 3450 2435 3511 cenulam

280 3556 449 3599 suam
506 3536 820 3617 coepitque
877 3536 1098 3596 hortari
1154 3535 1493 3612 lugentem,
1549 3554 1627 3596 ne
1679 3543 2083 3613 perseveraret
2124 3535 2186 3596 in
2233 3534 2438 3598 dolore

281 3640 651 3703 supervacuo
683 3640 752 3683 ac
783 3621 930 3682 nihil
961 3621 1272 3699 profuturo
1303 3620 1526 3699 gemitu
1556 3629 1764 3700 pectus
1795 3620 2128 3681 diduceret:
2171 3623 2437 3684 omnium

456 3862 488 3912 9
526 3874 740 3912 exorsus
777 3857 1029 3909 nonnulli
1062 3874 1132 3909 ea>
1172 3859 1212 3909 0
1257 3857 1277 3923 ΙΙ
1324 3860 1389 3910 14
1422 3858 1566 3909 malo
1602 3861 1777 3909 secuta
1822 3857 1842 3924 ΙΙ
1885 3859 1946 3910 21
1988 3859 2190 3925 quoties
2224 3858 2269 3909 L
2313 3858 2332 3925 ΙΙ
2376 3862 2441 3913 23

284 3926 434 3992 illud]
474 3926 718 3980 videlicet
769 3926 1023 3978 nonnulli
1056 3943 1127 3978 σω
1167 3926 1207 3976 0
1250 3925 1269 3992 ΙΙ
1313 3927 1378 3978 26
1429 3925 1571 3977 illam
1608 3925 1820 3978 eandem
1859 3927 2088 3978 casulam
2121 3927 2392 3992 florilegia
2432 3931 2448 3992 Η

287 3999 350 4049 27
390 3996 633 4049 servabat
673 3995 849 4062 01128
887 4010 1098 4061 corpora
1135 3994 1180 4045 L
1205 3993 1226 4062 ss
1251 3995 1316 4046 30
1355 3998 1444 4046 aut
1482 4010 1580 4047 om.
1617 3993 1862 4047 Rei-skins
1886 3994 1907 4062 ΙΙ
1934 3997 1995 4047 37
2035 3994 2112 4059 ac]
2150 3999 2239 4047 aut
2275 3997 2446 4047 codex

294 4062 769 4131 Guelferbytanus.
839 4062 1073 4124 fortasse
1107 4078 1170 4114 ne
1206 4062 1402 4130 gemitu
