2881 4580
1234 272 1515 326 SA'rlRAE
2353 274 2437 336 89

207 454 614 507 Hnummum.
673 445 743 505 ad
789 461 1108 519 summam,
1151 446 1199 508 si
1245 446 1388 525 quid
1432 446 1546 521 vis,
1592 464 1702 525 ego
1740 454 1799 509 et
1827 456 1890 508 tu
1920 447 2439 527 sponsiunculam:

281 531 409 603 exi,
464 528 672 591 defero
715 530 990 591 lamnam.
1056 531 1170 591 iam
1217 530 1370 593 scies
1412 539 1642 611 patrem
1685 540 1853 595 tuum
1896 533 2197 595 mercedes
2240 533 2437 613 perdi-

232 628 237 629 ’
280 616 468 689 disse,
504 615 773 694 quamvis
801 624 862 676 et
888 615 1239 677 rhetoricam
1271 616 1405 681 scis.
1465 635 1604 679 ecce

453 700 597 779 “qui
627 701 703 763 de
733 699 906 763 nobis
934 700 1113 779 longe
1141 701 1347 775 venio,
1386 702 1501 764 late
1531 698 1748 763 venio?
1792 700 1951 764 solve
1978 701 2132 764 me.''

202 797 236 847 5
282 785 472 847 dicam
518 785 657 859 tibi,
703 785 804 865 qui
848 786 920 847 de
955 785 1132 848 nobis
1161 787 1350 849 currit
1376 797 1437 849 et
1464 788 1539 848 de
1567 787 1700 848 loco
1731 805 1854 849 non
1886 796 2185 863 movetur;
2231 787 2332 867 qui
2361 789 2438 849 de

282 869 457 935 nobis
487 870 703 933 crescit
732 879 793 932 et
820 871 1017 932 minor
1044 872 1130 932 fit.
1188 871 1407 946 curris,
1453 882 1678 952 stupes,
1722 872 1956 952 satagis,
1994 880 2276 952 tanquam
2305 891 2436 936 mus

281 956 342 1017 in
390 955 646 1018 matella.
705 974 847 1035 ergo
892 964 995 1017 aut
1035 965 1166 1019 tace
1209 967 1310 1018 aut
1350 957 1656 1020 meliorem
1702 956 1825 1019 noli
1858 957 2200 1030 molestare,
2246 958 2436 1037 quite

283 1050 491 1102 natum
523 1060 647 1103 non
678 1050 874 1122 putat3
920 1041 1034 1104 nisi
1065 1042 1114 1104 si
1143 1059 1239 1104 me
1267 1042 1492 1105 iudicas
1517 1042 1728 1105 anulos
1756 1042 1983 1105 buxeos
2010 1061 2248 1118 curare,
2286 1061 2438 1121 quos

284 1126 507 1187 amicae
549 1134 684 1187 tuae
728 1126 1015 1191 involasti.
1076 1126 1459 1207 Occuponem
1504 1128 1846 1208 propitium.
1904 1146 2104 1191 eamus
2133 1129 2195 1190 in
2240 1129 2434 1190 forum

172 1221 238 1273 lo
283 1219 343 1272 et
384 1210 670 1292 pecunias
727 1220 1087 1274 mutuemur.
1175 1211 1288 1273 iam
1344 1212 1496 1275 scies
1551 1213 1668 1275 hoc
1712 1214 1935 1275 ferrum
1982 1213 2154 1275 fidem
2200 1213 2436 1279 habere.

285 1296 421 1371 vah,
467 1294 619 1358 bella
662 1314 758 1359 res
801 1305 892 1359 est
920 1297 1105 1377 volpis
1133 1296 1264 1359 uda.
1321 1297 1661 1361 italucrum
1688 1298 1898 1360 faciam
1928 1307 1989 1360 et
2016 1299 2094 1359 ita
2123 1298 2278 1361 bene
2307 1318 2437 1360 mo-

281 1382 403 1443 riar
430 1389 534 1442 aut
559 1381 819 1461 populus
846 1401 955 1461 per
983 1381 1204 1445 exitum
1232 1400 1430 1444 meum
1463 1383 1634 1457 iuret,
1667 1382 1780 1444 nisi
1808 1392 1868 1444 te
1896 1382 2115 1461 ubique
2141 1393 2277 1461 toga
2300 1402 2437 1462 per-

283 1484 451 1529 versa
482 1467 652 1528 fuero
681 1475 1048 1546 persecutus.
1107 1466 1256 1530 bella
1288 1487 1385 1531 res
1412 1478 1474 1528 et
1500 1469 1646 1540 iste,
1675 1468 1778 1547 qui
1809 1478 1865 1529 te
1895 1466 2041 1529 haec
2070 1467 2273 1541 docet,
2304 1486 2434 1529 mu-

281 1551 452 1627 frius,
482 1571 606 1613 non
638 1552 935 1631 magister.
978 1571 1083 1615 nos
1111 1551 1439 1628 didicimus,
1471 1553 1702 1616 dicebat
1731 1553 1891 1615 enim
1920 1552 2225 1631 magisterz
2256 1556 2438 1617 “sunt

172 1649 234 1698 15
279 1647 470 1700 vestra
496 1634 695 1698 salva?
741 1645 901 1699 recta
931 1637 1207 1714 domum;
1253 1655 1420 1713 cave,
1451 1638 1921 1718 circumspicias;
1954 1656 2120 1712 cave,
2151 1638 2432 1700 maiorem

282 1722 613 1785 maledicas.
685 1732 787 1783 aut
830 1740 1075 1784 numera
1118 1724 1362 1804 mapalia
1377 1744 1399 1784 t·
1446 1742 1623 1786 nemo
1669 1723 1955 1804 dupondii
1999 1722 2243 1786 evadit.''
2302 1742 2433 1803 ego,

283 1808 442 1887 quod
473 1826 567 1869 me
594 1807 680 1870 sic
709 1807 886 1881 vides,
917 1816 1166 1889 propter
1194 1808 1504 1873 artificium
1539 1828 1738 1872 meum
1766 1809 1878 1872 diis
1905 1809 2122 1888 gratias
2148 1808 2298 1889 ago.'

454 1902 735 1980 coeperat
762 1894 1032 1973 Ascyltos
1074 1894 1435 1974 respondere
1472 1895 1770 1971 convicio,
1815 1895 1915 1957 sed
1947 1894 2301 1959 Trimalchio
2330 1895 2432 1958 de·
2455 1893 2536 1955 59

281 1978 533 2040 lectatus
575 1978 863 2040 colliberti
909 1979 1244 2057 eloquentia
1275 1979 1468 2058 ‘agite'
1499 1980 1694 2059 inquit
1728 1980 2063 2044 ‘scordalias
2103 1980 2177 2041 de
2220 1981 2432 2043 medio.

176 2074 236 2125 20
278 2063 536 2125 suaviter
577 2064 653 2125 sit
694 2063 926 2144 potius,
971 2074 1034 2125 et
1060 2074 1155 2137 tu,
1186 2064 1536 2137 Hermeros,
1573 2084 1748 2144 parce
1777 2065 2238 2128 adulescentulo.
2297 2085 2434 2129 san-

180 2155 441 2227 HLguen
487 2147 572 2209 illi
616 2149 831 2222 fervet,
875 2158 939 2209 tu
970 2148 1180 2210 melior
1206 2159 1351 2212 esto.
1392 2148 1403 2230 Ι
1440 2168 1676 2230 semper
1704 2151 1766 2213 in
1797 2149 1906 2211 hac
1937 2169 2001 2212 re
2031 2151 2134 2228 qui
2162 2151 2436 2226 vincitur,

217 2232 482 2296 Hvincit.
521 2232 531 2314 Ι
571 2242 631 2295 et
657 2242 720 2296 tu
752 2252 889 2297 cum
919 2252 1080 2298 esses
1108 2252 1276 2315 capo,
1309 2252 1635 2308 cocococo,
1665 2244 1842 2315 atque
1871 2254 1977 2297 cor
2007 2253 2127 2297 non
2159 2233 2434 2297 habebas.

282 2320 467 2381 simus
510 2337 686 2398 ergo,
731 2319 893 2399 quod
934 2320 1146 2382 melius
1189 2330 1306 2393 est,
1351 2338 1383 2381 a
1427 2320 1702 2399 primitiis
1742 2320 1958 2382 hilares
1988 2329 2047 2381 et
2074 2320 2436 2383 Homeristas

281 2403 658 2484 spectemus'.
746 2405 984 2467 intravit
1039 2406 1214 2467 factio
1268 2405 1463 2468 statim
1517 2405 1819 2484 hastisque
1859 2414 2026 2467 scuta
2067 2406 2433 2485 concrepuit.

174 2500 235 2551 25
279 2490 406 2570 ipse
437 2489 790 2551 Trimalchio
830 2490 891 2552 in
924 2490 1166 2571 pulvino
1198 2490 1498 2563 consedit,
1544 2499 1603 2551 et
1631 2508 1768 2552 cum
1802 2490 2167 2553 Homeristae
2198 2490 2436 2556 Graecis

277 2573 552 2637 versibus
595 2574 1111 2654 colloquerentur,
1156 2585 1223 2638 ut
1263 2574 1593 2638 insolenter
1635 2576 1859 2645 solent,
1905 2575 2000 2637 ille
2046 2593 2265 2638 canora
2292 2594 2434 2639 voce

279 2660 491 2721 Latine
534 2658 768 2739 legebat
809 2659 1047 2723 librum.
1107 2679 1243 2722 mox
1286 2661 1522 2724 silentio
1566 2662 1721 2723 facto
1767 2661 1962 2726 ‘scitis'
2000 2661 2196 2739 inquit
2239 2667 2433 2740 ‘quam

279 2744 537 2806 fabulam
582 2743 804 2825 agant?
888 2746 1202 2809 Diomedes
1245 2757 1305 2808 et
1347 2746 1712 2826 Ganymedes
1753 2747 1873 2810 duo
1916 2747 2125 2808 fratres
2172 2748 2435 2808 fuerunt.

280 2831 498 2892 horum
542 2848 712 2891 soror
756 2840 883 2893 erat
925 2831 1168 2893 Helena.
1228 2832 1634 2911 Agamemnon
1679 2831 1835 2894 illam
1879 2832 2073 2911 rapuit
2115 2840 2176 2893 et
2217 2832 2433 2895 Dianae

171 2924 236 2975 3⁰
278 2933 514 2976 cervam
559 2914 824 2978 subiecit.
884 2916 965 2977 ita
1009 2935 1172 2978 nunc
1201 2916 1494 2978 Homeros
1538 2915 1706 2991 dicit,
1753 2916 2242 2996 quemadmodum
2278 2918 2436 2981 inter

279 3020 347 3062 se
388 3010 662 3079 pugnent
706 3000 949 3063 Troiani
991 3010 1051 3062 et
1098 3001 1414 3063 Parentini.
1501 3001 1640 3063 vicit
1680 3001 1905 3066 scilicet
1947 3012 2006 3065 et
2033 3002 2432 3082 Iphigeniam,

276 3084 460 3148 filiam
504 3102 700 3159 suam,
757 3085 969 3148 Achilli
1012 3086 1171 3148 dedit
1211 3104 1477 3150 uxorem.
1566 3087 1646 3148 ob
1688 3106 1818 3150 eam
1861 3105 1984 3149 rem
2032 3088 2173 3149 Aiax
2215 3089 2436 3150 insanit

258 3178 342 3231 et
394 3171 591 3231 statim
644 3181 1059 3250 argumentum
1118 3171 1467 3249 explicabit’.
1553 3173 1701 3233 haec
1752 3182 1817 3234 ut
1874 3173 2020 3235 dixit
2060 3172 2433 3246 Trimalchio,

279 3255 600 3317 clamorem
631 3255 996 3319 Homeristae
1039 3255 1436 3330 sustulerunt,
1483 3257 1761 3336 interque
1787 3258 2064 3319 familiam
2093 3256 2433 3320 discurren-

173 3348 236 3398 35
276 3349 400 3401 tem
444 3339 659 3402 vitulus
688 3340 749 3402 in
779 3341 950 3404 lance
979 3340 1223 3403 donaria
1253 3341 1439 3403 elixus
1468 3342 1676 3406 allatus
1705 3351 1824 3417 est,
1869 3350 1928 3403 et
1957 3341 2195 3419 quidem
2237 3341 2433 3420 galea-

277 3433 395 3488 tus.
451 3433 692 3487 secutus
721 3435 810 3489 est
837 3426 979 3488 Aiax
1006 3426 1333 3505 strictoque
1359 3427 1584 3504 gladio,
1615 3437 1895 3505 tanquam
1923 3425 2241 3499 insaniret,
2286 3444 2433 3489 con-

280 3509 456 3585 cidit,
502 3528 569 3571 ac
610 3511 787 3573 modo
832 3529 998 3574 versa
1043 3512 1217 3573 modo
1263 3511 1473 3591 supina
1517 3512 1896 3591 gesticulatus
1936 3528 2220 3573 mucrone
2250 3513 2435 3575 frusta

281 3594 518 3673 collegit
545 3595 1011 3676 mirantibusque
1038 3597 1284 3659 vitulum
1313 3597 1564 3676 partitus
1594 3606 1702 3659 est.

457 3832 488 3883 2
524 3830 640 3881 liina
667 3830 687 3897 ΙΙ
714 3829 744 3882 3
781 3829 933 3898 sciofl
962 3833 993 3883 4
1028 3829 1234 3897 quidem
1268 3830 1418 3882 vobis
1444 3831 1463 3898 ΙΙ
1495 3835 1549 3884 11
1590 3828 1823 3892 fortasse
1857 3846 1929 3895 es,
1964 3831 2137 3899 volpis
2163 3827 2272 3897 {12
2308 3836 2429 3900 toga

281 3898 367 3949 uhi
405 3913 472 3950 ue
513 3898 535 3965 ΙΙ
580 3901 643 3951 14
677 3899 809 3950 satin
847 3901 1052 3951 conieci
1080 3914 1183 3965 pro
1230 3906 1350 3951 sunt
1390 3900 1410 3963 u
1453 3900 1516 3951 16
1552 3898 1738 3951 evadet
1783 3901 2009 3951 antehac
2059 3902 2379 3967 scripseram
2413 3902 2433 3969 fl

281 3968 343 4018 31
428 3966 650 4019 arentini
686 3966 990 4030 Sekeffimu
1016 3966 1036 4031 fl
1061 3968 1126 4019 35
1174 3966 1385 4019 dunaria
1409 3966 1430 4033 ΙΙ
1457 3968 1523 4019 36
1568 3969 1841 4020 turbatum
1884 3967 2097 4035 alequid
2128 3985 2238 4020 oue
2276 3972 2435 4021 omis·

277 4050 395 4086 sum
430 4037 532 4087 Ιιοο
568 4034 684 4086 loco
720 4034 936 4087 vitulum
974 4039 1074 4087 aut
1105 4050 1222 4087 eum
1257 4035 1593 4087 demonstrat
