2881 4580
445 314 527 371 54
1369 310 1634 365 PETRON
1639 311 1677 364 11

445 487 642 564 itaque
674 502 786 563 ego
817 490 884 544 ut
915 490 1297 562 experrectus
1343 482 1696 563 pertrectavi
1741 484 1954 563 gaudio
1985 481 2373 563 despoliatum
2405 491 2606 542 torum
2636 488 2679 539 L

443 656 491 718 si
522 673 638 733 qua
668 665 757 715 est
785 653 1118 715 amantibus
1147 653 1312 728 fideS,
1345 671 1456 732 ego
1490 651 1774 725 dubitavi,
1820 670 1893 712 an
1926 661 2247 731 utrumque
2292 651 2608 712 traicerem

443 740 635 820 gladio
680 756 1077 817 somnumque
1120 739 1298 800 morti
1358 738 1687 818 iungerem.
1747 737 1932 798 tutius
1991 737 2127 797 dein
2173 746 2413 799 secutus
2458 754 2606 797 con-

441 826 636 887 silium
667 825 880 886 Gitona
912 824 1148 903 quidem
1182 823 1531 884 verberibus
1574 822 1850 903 excitavi,
1899 822 2177 902 Ascylton
2223 831 2417 884 autem
2450 822 2605 882 truci

440 912 682 972 intuens
710 909 875 971 vultu
920 908 1242 987 ‘quoniam'
1288 909 1528 988 inquam
1575 908 1771 969 ‘fidem
1801 907 2025 968 scelere
2069 907 2295 969 violasti
2340 915 2399 968 et
2444 926 2607 967 com-
2653 919 2683 966 5

441 1015 683 1058 munem
730 994 1077 1068 amicitiam,
1111 1013 1207 1056 res
1253 1002 1383 1056 tuas
1426 993 1594 1055 orius
1637 993 1778 1054 tolle
1824 1001 1883 1053 et
1926 993 2102 1053 alium
2150 993 2378 1066 locum,
2427 1010 2606 1071 quem

442 1080 692 1160 polluas,
725 1078 977 1158 quaere’.

615 1184 736 1226 non
768 1164 1118 1244 repugnavit
1145 1164 1260 1237 ille,
1293 1164 1394 1225 sed
1425 1171 1739 1243 postquam
1769 1162 1991 1243 optima
2020 1162 2135 1223 fide
2166 1162 2362 1241 partiti
2391 1179 2605 1223 manu-

343 1253 424 1321 80
444 1250 569 1312 bias
612 1268 845 1323 sumuS,
893 1250 1036 1327 ‘age'
1082 1249 1276 1328 inquit
1319 1255 1508 1310 ‘nunc
1564 1258 1623 1309 et
1678 1266 1927 1329 puerum
1976 1246 2333 1308 dividamus’.
2422 1246 2603 1308 iocari

446 1335 722 1415 putabam
755 1335 1174 1396 discedentem.
1235 1344 1294 1395 at
1323 1335 1421 1395 ille
1467 1334 1725 1413 gladium
1766 1333 2099 1413 parricidali
2144 1350 2324 1394 manu
2369 1332 2607 1393 strinxit
2653 1343 2709 1394 10

447 1432 505 1481 et
534 1428 677 1482 ‘non
711 1419 946 1481 frueris'
977 1420 1172 1499 inquit
1217 1420 1346 1480 ‘hac
1376 1418 1594 1498 praeda
1614 1466 1630 1494 ,
1675 1438 1857 1498 super
1887 1436 2061 1498 quam
2092 1419 2255 1480 solus
2285 1416 2602 1479 incumbis.

443 1514 670 1585 partem
703 1524 894 1566 meam
927 1524 1167 1567 necesse
1212 1514 1300 1565 est
1342 1505 1432 1565 vel
1477 1504 1592 1565 hoc
1636 1504 1826 1583 gladio
1860 1512 2238 1582 contemptus
2267 1503 2602 1565 abscidam’.

444 1592 599 1653 idem
645 1609 755 1670 ego
801 1609 871 1651 ex
915 1590 1098 1651 altera
1142 1598 1310 1668 parte
1356 1590 1468 1650 feci
1514 1597 1573 1649 et
1615 1589 1840 1650 intorto
1885 1589 2041 1650 circa
2087 1588 2393 1650 brachium
2426 1588 2601 1667 pallio

446 1676 755 1755 composui
786 1675 857 1735 ad
889 1674 1299 1754 proeliandum
1332 1675 1599 1754 gradum.
1690 1674 1848 1736 inter
1902 1675 2057 1735 hanc
2100 1674 2453 1736 miserorum
2500 1672 2603 1733 de-

444 1761 721 1822 mentiam
766 1759 1202 1821 infelicissimus
1245 1776 1397 1838 puer
1424 1759 1708 1838 tangebat
1738 1760 2046 1838 utriusque
2076 1778 2271 1838 genua
2303 1778 2436 1820 cum
2462 1760 2606 1837 fletu
2652 1768 2708 1819 15

444 1845 798 1924 petebatque
827 1844 1203 1925 suppliciter,
1251 1864 1327 1905 ne
1358 1844 1709 1906 Thebanum
1740 1863 1848 1924 par
1889 1844 2127 1906 humilis
2155 1845 2399 1906 taberna
2431 1863 2604 1924 spec-

443 1938 612 2004 taret,
647 1948 792 1991 neve
820 1929 1109 2008 sanguine
1138 1938 1346 1991 mutuo
1378 1930 1782 2008 pollueremus
1810 1930 2216 1992 familiaritatis
2247 1930 2601 1992 clarissimae

442 2034 624 2077 sacra.
672 2015 850 2094 ‘quod
887 2015 934 2076 si
968 2015 1191 2093 utique'
1216 2014 1618 2094 proclamabat
1650 2015 1932 2076 ‘facinore
1962 2034 2115 2096 opus
2137 2025 2243 2089 est,
2279 2015 2440 2077 nudo
2464 2033 2602 2077 ecce

441 2101 727 2180 iugulum,
758 2100 1084 2161 convertite
1116 2100 1231 2161 huc
1275 2119 1516 2174 manus,
1562 2100 1880 2179 imprimite
1911 2118 2249 2162 mucrones.
2309 2119 2419 2180 ego
2450 2099 2602 2162 mori

443 2185 661 2259 debeo,
710 2185 810 2264 qui
856 2184 1146 2246 amicitiae
1192 2194 1630 2247 sacramentum
1677 2185 1900 2247 delevi’.
1961 2185 2329 2248 inhibuimus
2372 2187 2597 2248 ferrum
2646 2199 2703 2250 20

442 2279 576 2369 post
605 2272 711 2334 has
756 2280 997 2352 preces,
1044 2279 1103 2333 et
1132 2271 1298 2352 prior
1329 2271 1598 2352 Ascyltos
1629 2271 1778 2352 ‘ego’
1811 2271 2008 2351 inquit
2038 2272 2239 2334 ‘finem
2273 2271 2601 2334 discordiae

438 2358 758 2436 imponam.
819 2376 969 2437 puer
1013 2358 1171 2436 ipse,
1220 2375 1395 2437 quem
1428 2358 1580 2431 vult,
1626 2365 1940 2454 sequatur,
1990 2365 2056 2418 ut
2085 2358 2160 2420 sit
2189 2358 2271 2419 illi
2301 2359 2553 2419 saltem
2538 2378 2599 2419 in

440 2442 711 2521 eligendo
742 2444 924 2504 fratre
954 2437 1151 2538 [salva]
1186 2442 1466 2504 libertas'.
1530 2461 1639 2522 ego
1674 2442 1775 2521 qui
1804 2443 2255 2504 vetustissimam
2280 2453 2600 2505 consuetu-

439 2527 637 2588 dinem
672 2527 996 2607 putabam
981 2547 1042 2588 1n
1076 2527 1382 2624 sanguinis
1410 2528 1630 2606 pignus
1659 2527 1973 2601 transisse,
2007 2528 2154 2589 nihil
2184 2528 2384 2601 timui,
2418 2529 2598 2590 immo

438 2613 854 2674 condicionem
876 2612 1184 2693 praecipiti
1206 2612 1588 2673 festinatione
1612 2612 1780 2692 rapui
1805 2612 2191 2692 commisique
2216 2614 2392 2675 iudici
2416 2614 2597 2675 litem.
2645 2627 2702 2678 25

438 2698 540 2776 qui
572 2717 648 2759 ne
679 2695 1021 2759 deliberavit
1051 2696 1286 2775 quidem
1306 2741 1321 2768 ,
1371 2705 1434 2757 ut
1464 2697 1761 2758 videretur
1792 2706 2136 2770 cunctatus,
2168 2717 2372 2760 verum
2403 2699 2597 2760 statim

430 2781 510 2842 ab
558 2791 821 2843 extrema
866 2790 1034 2862 parte
1079 2780 1243 2842 verbi
1290 2782 1666 2843 consurrexit
1709 2793 1760 2843 et
1805 2784 2044 2843 fratrem
2075 2784 2354 2863 Ascylton
2401 2784 2597 2863 elegit.

434 2867 781 2927 fulminatus
802 2866 913 2926 hac
937 2866 1445 2945 pronuntiatione,
1471 2867 1556 2928 sic
1579 2875 1645 2927 ut
1668 2885 1845 2941 eram,
1861 2868 1990 2929 sine
2013 2868 2205 2947 gladio
2228 2869 2290 2930 in
2316 2870 2599 2931 lectulum

437 2950 645 3024 decidi,
672 2961 731 3013 et
751 2950 1073 3013 attulissem
1101 2951 1243 3012 mihi
1269 2951 1580 3014 damnatus
1604 2970 1832 3026 manuS,
1856 2952 1906 3012 si
1930 2972 2053 3013 non
2079 2952 2302 3014 inimici
2318 2954 2598 3015 victoriae

435 3035 790 3097 invidissem.
853 3037 1154 3116 egreditur
1198 3037 1495 3117 superbus
1539 3055 1672 3099 cum
1720 3038 1984 3116 praemio
2017 3038 2283 3118 Ascyltos
2330 3048 2387 3100 et
2417 3040 2595 3119 paulo
2641 3053 2699 3103 30

433 3129 571 3181 ante
616 3121 980 3184 carissimum
1025 3122 1139 3183 sibi
1184 3122 1644 3183 commilitonem
1693 3123 2086 3202 fortunaeque
2118 3124 2293 3185 etiam
2323 3125 2597 3186 similitu-

432 3206 570 3267 dine
601 3226 801 3287 parem
836 3207 895 3267 in
929 3207 1062 3268 loco
1093 3208 1411 3287 peregrino
1444 3207 1712 3269 destituit
1741 3207 2053 3270 abiectum.

724 3292 734 3374 Ι
775 3311 995 3354 nomen
1028 3293 1317 3354 amicitiae
1348 3293 1452 3367 sic,
1486 3302 1781 3371 quatenus
1812 3293 2065 3373 expedit,
2097 3293 2334 3368 haeret3
2608 3293 2699 3345 LO

839 3378 1103 3439 calculus
1132 3378 1192 3438 in
1226 3378 1423 3439 tabula
1455 3378 1672 3439 mobile
1703 3378 1867 3439 ducit
1897 3396 2067 3458 opuS.

737 3481 873 3524 cum
904 3465 1143 3525 fortuna
1174 3472 1392 3536 manet,
1425 3464 1651 3525 vultum
1684 3464 1947 3538 servatis,
1979 3464 2183 3539 amici3
2639 3469 2698 3518 35

840 3568 975 3611 cum
1010 3549 1242 3621 cecidit,
1274 3549 1433 3627 turpi
1462 3548 1690 3609 vertitis
1721 3567 1823 3609 ora
1854 3550 2008 3629 fuga.

732 3735 875 3796 grex
906 3717 1026 3796 agit
1053 3718 1113 3778 in
1147 3735 1357 3779 scaena
1390 3718 1665 3779 mimum:
1698 3726 1864 3797 pater
1894 3718 1990 3780 ille
2011 3727 2288 3789 vocatur,

840 3801 995 3863 filius
1023 3802 1139 3876 hic,
1174 3822 1394 3864 nomen
1428 3802 1619 3864 divitis
1651 3803 1747 3864 ille
1777 3811 1959 3864 tenet.

420 3959 425 3966 ·
607 3939 668 3988 10
687 3936 985 4000 simplicius
1003 3935 1129 3988 haec
1150 3935 1403 3988 dicentem
1421 3933 1442 4002 ΙΙ
1465 3938 1526 3988 12
1552 3939 1824 3988 contentus
1860 3935 2155 3988 abscindam
2184 3934 2204 4001 ΙΙ
2230 3937 2292 3987 23
2320 3935 2462 3987 salva
2489 3949 2593 3985 om.

431 4005 815 4069 Scaligeranm
839 4003 858 4070 ΙΙ
885 4005 949 4056 25
963 4008 1100 4070 puio
1119 4004 1306 4070 arripui
1326 4020 1391 4056 ac
1409 4004 1602 4055 deinde
1620 4004 1667 4055 ei
1687 4003 1843 4055 iudici
1871 4004 1890 4070 ΙΙ
1915 4007 1979 4057 33
1999 4004 2042 4057 si
2067 4004 2087 4072 u
2112 4006 2175 4056 35
2196 4003 2316 4055 dum
2335 4004 2559 4054 Iahnius
2574 4000 2595 4070 ΙΙ

428 4074 496 4125 36
533 4071 669 4124 cedit
704 4071 1001 4123 Ricleardus
1024 4071 1043 4139 ΙΙ
1072 4073 1133 4123 37
1173 4076 1432 4137 quattuor
1468 4075 1564 4124 lios
1597 4087 1782 4123 versus
1826 4074 1930 4123 huc
1974 4072 2172 4124 inlatos
2201 4076 2336 4137 pulo
2372 4070 2596 4122 aliunde
