2881 4580
415 302 535 363 140

507 1339 564 1390 10

1357 302 1648 357 CARMlNA

644 561 775 622 Huc
803 562 940 635 huc,
966 560 1235 642 quisquis
1265 581 1347 636 es,
1378 562 1439 623 in
1472 561 1567 623 dei
1598 561 1804 624 salacis

643 646 865 708 deverti
896 665 1070 726 grave
1103 666 1180 708 ne
1210 656 1352 728 puta
1382 648 1684 709 sacellum.

645 741 704 794 et
734 732 782 794 si
814 740 993 793 nocte
1022 732 1133 794 fuit
1160 733 1355 812 puella
1386 743 1603 807 tecum,
1630 812 1633 815 .

643 818 754 879 hac
786 835 850 878 re
882 816 1038 896 quod
1071 826 1298 879 metuas
1325 817 1506 890 adire,
1540 836 1664 879 non
1697 826 1802 879 est.

651 903 804 965 istuc
834 900 1139 964 caelitibus
1168 903 1339 963 datur
1369 903 1616 965 severis:

650 1007 760 1049 nos
790 1005 1012 1067 vappae
1042 1006 1245 1049 sumus
1275 997 1335 1049 et
1364 987 1574 1068 pusilla
1605 987 1746 1049 culti

644 1072 801 1134 ruris
832 1072 1096 1148 numina,
1128 1091 1241 1133 nos
1270 1073 1498 1152 pudore
1526 1073 1700 1153 pulso

646 1166 868 1219 stamus
898 1155 1010 1218 sub
1041 1158 1176 1219 Iove
1208 1157 1387 1219 coleis
1417 1158 1655 1237 apertis.

652 1261 798 1322 ergo
830 1242 1079 1321 quilibet
1107 1243 1225 1304 huc
1254 1241 1455 1304 licebit
1484 1243 1665 1304 intret

649 1329 820 1408 nigra
843 1328 1089 1390 fornicis
1120 1326 1337 1390 oblitus
1366 1327 1573 1388 favilla.

652 1564 979 1626 Commisso
1006 1564 1154 1626 mibi
1184 1584 1305 1627 non
1338 1565 1479 1626 satis
1510 1565 1801 1626 modestas

653 1650 994 1729 quicunque
1025 1649 1286 1711 attulerit
1315 1668 1525 1711 manus
1554 1649 1761 1729 agello,

652 1734 702 1796 is
733 1751 828 1795 me
859 1734 1074 1796 sentiet
1105 1752 1232 1796 esse
1264 1754 1386 1796 non
1418 1735 1763 1815 spadonem.

653 1819 809 1898 dicat
836 1818 1084 1881 forsitan
1115 1819 1260 1881 haec
1291 1818 1401 1882 sibi
1432 1820 1591 1900 ipse:
1626 1825 1822 1881 ‘nemo

652 1904 752 1965 hic
785 1903 939 1965 inter
968 1903 1215 1966 frutices
1244 1905 1376 1966 loco
1410 1914 1638 1966 remoto

651 1988 952 2070 percisum
983 1989 1132 2050 sciet
1162 2008 1292 2052 esse
1322 1989 1457 2065 me’,
1488 1990 1592 2051 sed
1623 1998 1810 2051 errat:

655 2073 888 2154 magnis
916 2073 1167 2136 testibus
1194 2075 1308 2137 ista
1336 2094 1432 2136 res
1463 2084 1690 2155 agetur.

1439 2227 1570 2289 XVI

657 2330 943 2403 Qualibus
975 2331 1380 2411 Hippomenes
1410 2331 1605 2412 rapuit
1636 2330 2005 2392 Schoeneida
2037 2329 2245 2410 pomiS,

735 2415 1008 2495 qualibus
1039 2415 1434 2496 Hesperidum
1466 2415 1682 2477 nobilis
1711 2416 1921 2477 hortus
1951 2424 2095 2488 erat,

657 2501 850 2581 qualia
883 2500 1164 2562 credibile
1196 2511 1287 2563 est
1315 2501 1669 2581 spatiantem
1700 2519 1841 2562 rure
1869 2509 2119 2581 paterno

734 2586 1078 2648 Nausicaam
1109 2586 1287 2666 pleno
1321 2605 1499 2666 saepe
1528 2586 1732 2648 tulisse
1764 2586 1920 2660 sinu,

659 2671 831 2750 quale
861 2672 975 2732 fuit
1004 2671 1223 2732 malum
1253 2672 1409 2750 quod
1445 2671 1639 2733 littera
1666 2671 1859 2752 pinxit
1888 2670 2119 2745 Aconti,

738 2774 853 2835 qua
884 2755 1034 2818 lecta
1064 2756 1279 2835 cupido
1314 2766 1482 2837 pacta
1513 2756 1709 2836 puella
1736 2757 1862 2817 viro
1895 2764 2016 2817 est:

659 2840 793 2902 talia
825 2858 1063 2920 cunque
1094 2859 1245 2922 puer
1274 2840 1553 2903 dominus
1584 2841 1861 2913 florentis
1881 2841 2049 2922 agelli

737 2926 1021 3005 imposuit
1050 2944 1309 3004 mensae,
1341 2927 1501 2988 nude
1532 2927 1761 3007 Priape,
1793 2936 1948 2989 tuae.

659 3163 814 3235 Quid
845 3181 1080 3224 mecum
1110 3163 1235 3238 tibi,
1269 3078 1828 3226 circitffyirlmleste?

660 3249 728 3311 ad
761 3266 856 3310 me
886 3248 1028 3328 quid
1056 3247 1338 3329 prohibes
1367 3250 1568 3310 venire
1598 3245 1829 3310 furem?

658 3334 916 3410 accedat,
947 3334 1105 3396 sine:
1128 3333 1323 3400 ,laxior
1350 3334 1585 3395 redibit.

1418 3484 1603 3546 XVIII

663 3570 1059 3633 Commoditas
1088 3572 1233 3632 haec
1262 3581 1351 3633 est
1377 3571 1440 3632 in
1473 3580 1678 3632 nostro
1706 3570 1958 3644 maxima
1988 3588 2170 3651 pene,

738 3654 865 3717 laxa
893 3657 1054 3737 quod
1084 3675 1213 3719 esse
1244 3656 1386 3718 mihi
1416 3656 1634 3718 semina
1665 3656 1824 3718 nulla
1854 3663 2065 3736 potest.

606 3805 733 3856 xlul
769 3808 802 3857 4
838 3806 975 3858 adire
1011 3807 1117 3858 noli
1153 3806 1292 3874 lapis
1326 3806 1596 3859 Romanus
1639 3810 1734 3873 qui
1784 3812 1953 3858 totum
1989 3809 2090 3858 Ιιοο
2126 3819 2342 3858 carmen
2379 3807 2608 3856 exhibet

431 3876 494 3923 ,in
530 3888 634 3939 qao
669 3889 829 3924 versu
870 3876 930 3926 10
966 3873 1143 3927 fabilla
1187 3880 1447 3942 seriptum
1484 3881 1572 3939 est,
1610 3876 1728 3927 vide
1760 3875 2149 3941 ephemeridem
2183 3875 2604 3939 epigraphicam

438 3941 526 3994 IV
546 3956 600 4007 p,
625 3940 729 3995 268
752 3940 771 4007 ΙΙ
796 3940 888 3991 XV
914 3943 946 3994 6
971 3942 1225 4008 precisum
1252 3943 1273 4011 ΙΙ
1294 3942 1406 3995 XVI
1433 3945 1464 3995 2
1483 3943 1832 4009 Hesperidum]
1868 3943 2189 4012 bypomenes
2228 3958 2296 3992 σω
2329 3956 2492 3993 versu
2517 3944 2541 3993 1
2584 3942 2592 4010 Ι

439 4012 468 4059 7
506 4008 900 4076 qualiacumque
924 4009 1043 4074 pius
1067 4011 1237 4062 codex
1260 4011 1661 4064 Laurentianus
1683 4012 1870 4063 multi-5
1890 4012 2110 4063 melior:
2146 4009 2380 4072 fortasse
2415 4008 2596 4077 qualia

440 4090 643 4143 cunque
679 4076 829 4143 petiS‚
856 4079 1019 4141 prius
1055 4078 1324 4129 edideram
1358 4094 1495 4131 nunc
1531 4094 1724 4147 pauper
