<?xml version="1.0" encoding="UTF-8"?>
<!DOCTYPE html PUBLIC "-//W3C//DTD XHTML 1.0 Transitional//EN"
    "http://www.w3.org/TR/xhtml1/DTD/xhtml1-transitional.dtd">
<html xmlns="http://www.w3.org/1999/xhtml" xml:lang="en" lang="en">
 <head>
  <title>
</title>
<meta http-equiv="Content-Type" content="text/html;charset=utf-8" />
  <meta name='ocr-system' content='tesseract 3.04.00' />
  <meta name='ocr-capabilities' content='ocr_page ocr_carea ocr_par ocr_line ocrx_word'/>
</head>
<body>
  <div class='ocr_page' id='page_1' title='image "./priapea00senegoog/priapea00senegoog_0102.png"; bbox 0 0 2881 4580; ppageno 0'>
   <div class='ocr_carea' id='block_1_1' title="bbox 305 852 427 915">
    <p class='ocr_par' dir='ltr' id='par_1_1' title="bbox 305 852 427 915">
     <span class='ocr_line' id='line_1_1' title="bbox 305 852 427 915; baseline 0.016 -2"><span class='ocrx_word' id='word_1_1' title='bbox 305 852 427 915; x_wconf 85' lang='lat'><strong>129</strong></span> 
     </span>
    </p>
   </div>
   <div class='ocr_carea' id='block_1_2' title="bbox 464 249 1686 311">
    <p class='ocr_par' dir='ltr' id='par_1_2' title="bbox 464 249 1686 311">
     <span class='ocr_line' id='line_1_2' title="bbox 464 249 1686 311; baseline -0.007 0"><span class='ocrx_word' id='word_1_2' title='bbox 464 253 543 311; x_wconf 88' lang='grc'><strong>96</strong></span> <span class='ocrx_word' id='word_1_3' title='bbox 1380 249 1686 303; x_wconf 85' lang='lat' dir='ltr'><strong>PETRONII</strong></span> 
     </span>
    </p>
   </div>
   <div class='ocr_carea' id='block_1_3' title="bbox 1527 444 1561 481">
    <p class='ocr_par' dir='ltr' id='par_1_3' title="bbox 1527 444 1561 481">
     <span class='ocr_line' id='line_1_3' title="bbox 1527 444 1561 481; baseline 0 -6"><span class='ocrx_word' id='word_1_4' title='bbox 1527 444 1561 481; x_wconf 69' lang='grc'><strong><em>*</em></strong></span> 
     </span>
    </p>
   </div>
   <div class='ocr_carea' id='block_1_4' title="bbox 630 506 2709 591">
    <p class='ocr_par' dir='ltr' id='par_1_4' title="bbox 630 506 2709 591">
     <span class='ocr_line' id='line_1_4' title="bbox 630 506 2709 591; baseline -0.004 -22"><span class='ocrx_word' id='word_1_5' title='bbox 630 507 642 591; x_wconf 77' lang='grc' dir='ltr'>Ι</span> <span class='ocrx_word' id='word_1_6' title='bbox 684 509 901 588; x_wconf 85' lang='lat' dir='ltr'><strong>‘itaque</strong></span> <span class='ocrx_word' id='word_1_7' title='bbox 932 508 1048 567; x_wconf 92' lang='lat' dir='ltr'><strong>hoc</strong></span> <span class='ocrx_word' id='word_1_8' title='bbox 1072 508 1313 569; x_wconf 90' lang='lat' dir='ltr'><strong>nomine</strong></span> <span class='ocrx_word' id='word_1_9' title='bbox 1336 508 1443 568; x_wconf 90' lang='lat' dir='ltr'><strong>tibi</strong></span> <span class='ocrx_word' id='word_1_10' title='bbox 1468 508 1685 587; x_wconf 83' lang='lat' dir='ltr'><strong>gratias</strong></span> <span class='ocrx_word' id='word_1_11' title='bbox 1707 525 1816 587; x_wconf 87' lang='lat' dir='ltr'><strong>ago</strong></span> <span class='ocrx_word' id='word_1_12' title='bbox 1833 553 1848 583; x_wconf 92' lang='lat'><strong>,</strong></span> <span class='ocrx_word' id='word_1_13' title='bbox 1882 507 2039 587; x_wconf 91' lang='lat' dir='ltr'><strong>quod</strong></span> <span class='ocrx_word' id='word_1_14' title='bbox 2064 525 2160 568; x_wconf 91' lang='lat' dir='ltr'><strong>me</strong></span> <span class='ocrx_word' id='word_1_15' title='bbox 2184 506 2486 567; x_wconf 89' lang='lat' dir='ltr'><strong>Socratica</strong></span> <span class='ocrx_word' id='word_1_16' title='bbox 2509 506 2632 568; x_wconf 83' lang='lat' dir='ltr'><strong>fide</strong></span> <span class='ocrx_word' id='word_1_17' title='bbox 2658 510 2709 561; x_wconf 89' lang='lat' dir='ltr'><em>L</em></span> 
     </span>
    </p>
   </div>
   <div class='ocr_carea' id='block_1_5' title="bbox 468 590 2631 927">
    <p class='ocr_par' dir='ltr' id='par_1_5' title="bbox 468 590 2631 927">
     <span class='ocr_line' id='line_1_5' title="bbox 468 590 2631 674; baseline -0.001 -18"><span class='ocrx_word' id='word_1_18' title='bbox 468 595 676 674; x_wconf 81' lang='lat' dir='ltr'><strong>diligis.</strong></span> <span class='ocrx_word' id='word_1_19' title='bbox 753 613 874 654; x_wconf 92' lang='lat' dir='ltr'><strong>non</strong></span> <span class='ocrx_word' id='word_1_20' title='bbox 921 601 1039 654; x_wconf 88' lang='lat' dir='ltr'><strong>tam</strong></span> <span class='ocrx_word' id='word_1_21' title='bbox 1098 593 1354 654; x_wconf 86' lang='lat' dir='ltr'><strong>intactus</strong></span> <span class='ocrx_word' id='word_1_22' title='bbox 1399 593 1731 654; x_wconf 78' lang='lat' dir='ltr'><strong>Alcibiades</strong></span> <span class='ocrx_word' id='word_1_23' title='bbox 1776 592 1836 652; x_wconf 92' lang='lat' dir='ltr'><strong>in</strong></span> <span class='ocrx_word' id='word_1_24' title='bbox 1883 590 2290 672; x_wconf 90' lang='lat' dir='ltr'><strong>praeceptoris</strong></span> <span class='ocrx_word' id='word_1_25' title='bbox 2331 592 2423 652; x_wconf 91' lang='lat' dir='ltr'><strong>sui</strong></span> <span class='ocrx_word' id='word_1_26' title='bbox 2470 592 2631 653; x_wconf 89' lang='lat' dir='ltr'><strong>lecto</strong></span> 
     </span>
     <span class='ocr_line' id='line_1_6' title="bbox 468 680 1562 803; baseline -0.002 -62"><span class='ocrx_word' id='word_1_27' title='bbox 468 680 664 742; x_wconf 89' lang='lat' dir='ltr'><strong>iacuit&#39;</strong></span> <span class='ocrx_word' id='word_1_28' title='bbox 1528 766 1562 803; x_wconf 60' lang='grc'><strong><em>*</em></strong></span> 
     </span>
     <span class='ocr_line' id='line_1_7' title="bbox 642 845 2630 927; baseline -0.002 -17"><span class='ocrx_word' id='word_1_29' title='bbox 642 847 835 910; x_wconf 90' lang='lat' dir='ltr'><strong>‘crede</strong></span> <span class='ocrx_word' id='word_1_30' title='bbox 864 847 1041 921; x_wconf 90' lang='lat' dir='ltr'><strong>mihi,</strong></span> <span class='ocrx_word' id='word_1_31' title='bbox 1072 848 1285 920; x_wconf 82' lang='lat' dir='ltr'><strong>frater,</strong></span> <span class='ocrx_word' id='word_1_32' title='bbox 1320 865 1444 907; x_wconf 91' lang='lat' dir='ltr'><strong>non</strong></span> <span class='ocrx_word' id='word_1_33' title='bbox 1477 847 1756 927; x_wconf 83' lang='lat' dir='ltr'><strong>intellego</strong></span> <span class='ocrx_word' id='word_1_34' title='bbox 1787 864 1882 906; x_wconf 91' lang='lat' dir='ltr'><strong>me</strong></span> <span class='ocrx_word' id='word_1_35' title='bbox 1911 845 2101 906; x_wconf 88' lang='lat' dir='ltr'><strong>virum</strong></span> <span class='ocrx_word' id='word_1_36' title='bbox 2134 864 2296 920; x_wconf 88' lang='lat' dir='ltr'><strong>esse,</strong></span> <span class='ocrx_word' id='word_1_37' title='bbox 2330 866 2451 907; x_wconf 93' lang='lat' dir='ltr'><strong>non</strong></span> <span class='ocrx_word' id='word_1_38' title='bbox 2487 865 2630 908; x_wconf 88' lang='lat' dir='ltr'><strong>sen-</strong></span> 
     </span>
    </p>
   </div>
   <div class='ocr_carea' id='block_1_6' title="bbox 469 930 2632 1073">
    <p class='ocr_par' dir='ltr' id='par_1_6' title="bbox 469 930 2632 1073">
     <span class='ocr_line' id='line_1_8' title="bbox 469 930 2632 1012; baseline -0.002 -17"><span class='ocrx_word' id='word_1_39' title='bbox 469 935 570 995; x_wconf 89' lang='lat' dir='ltr'><strong>tio.</strong></span> <span class='ocrx_word' id='word_1_40' title='bbox 631 934 905 995; x_wconf 85' lang='lat' dir='ltr'><strong>funerata</strong></span> <span class='ocrx_word' id='word_1_41' title='bbox 935 941 1027 994; x_wconf 90' lang='lat' dir='ltr'><strong>est</strong></span> <span class='ocrx_word' id='word_1_42' title='bbox 1055 932 1151 993; x_wconf 91' lang='lat' dir='ltr'><strong>illa</strong></span> <span class='ocrx_word' id='word_1_43' title='bbox 1182 950 1320 1011; x_wconf 85' lang='lat' dir='ltr'><strong>pars</strong></span> <span class='ocrx_word' id='word_1_44' title='bbox 1349 932 1653 1012; x_wconf 92' lang='lat' dir='ltr'><strong>corporis,</strong></span> <span class='ocrx_word' id='word_1_45' title='bbox 1683 950 1798 1010; x_wconf 92' lang='lat' dir='ltr'><strong>qua</strong></span> <span class='ocrx_word' id='word_1_46' title='bbox 1830 931 2129 1009; x_wconf 87' lang='lat' dir='ltr'><strong>quondam</strong></span> <span class='ocrx_word' id='word_1_47' title='bbox 2162 930 2418 993; x_wconf 78' lang='lat' dir='ltr'><strong>Achilles</strong></span> <span class='ocrx_word' id='word_1_48' title='bbox 2447 931 2632 993; x_wconf 90' lang='lat' dir='ltr'><strong>eram&#39;</strong></span> 
     </span>
     <span class='ocr_line' id='line_1_9' title="bbox 1533 1036 1567 1073; baseline -0.029 0"><span class='ocrx_word' id='word_1_49' title='bbox 1533 1036 1567 1073; x_wconf 72' lang='grc'><strong><em>*</em></strong></span> 
     </span>
    </p>
   </div>
   <div class='ocr_carea' id='block_1_7' title="bbox 641 1100 2633 1181">
    <p class='ocr_par' dir='ltr' id='par_1_7' title="bbox 641 1100 2633 1181">
     <span class='ocr_line' id='line_1_10' title="bbox 641 1100 2633 1181; baseline 0 -19"><span class='ocrx_word' id='word_1_50' title='bbox 641 1102 864 1164; x_wconf 89' lang='lat' dir='ltr'><strong>veritus</strong></span> <span class='ocrx_word' id='word_1_51' title='bbox 908 1119 1091 1181; x_wconf 90' lang='lat' dir='ltr'><strong>puer,</strong></span> <span class='ocrx_word' id='word_1_52' title='bbox 1137 1121 1213 1163; x_wconf 94' lang='lat' dir='ltr'><strong>ne</strong></span> <span class='ocrx_word' id='word_1_53' title='bbox 1243 1102 1304 1162; x_wconf 96' lang='lat' dir='ltr'><strong>in</strong></span> <span class='ocrx_word' id='word_1_54' title='bbox 1336 1111 1573 1163; x_wconf 91' lang='lat' dir='ltr'><strong>secreto</strong></span> <span class='ocrx_word' id='word_1_55' title='bbox 1618 1100 2025 1180; x_wconf 89' lang='lat' dir='ltr'><strong>deprehensus</strong></span> <span class='ocrx_word' id='word_1_56' title='bbox 2057 1100 2223 1161; x_wconf 85' lang='lat' dir='ltr'><strong>daret</strong></span> <span class='ocrx_word' id='word_1_57' title='bbox 2249 1100 2633 1162; x_wconf 81' lang='lat' dir='ltr'><strong>sermonibus</strong></span> 
     </span>
    </p>
   </div>
   <div class='ocr_carea' id='block_1_8' title="bbox 470 1185 2394 1328">
    <p class='ocr_par' dir='ltr' id='par_1_8' title="bbox 470 1185 2394 1328">
     <span class='ocr_line' id='line_1_11' title="bbox 470 1185 2394 1267; baseline -0.001 -19"><span class='ocrx_word' id='word_1_58' title='bbox 470 1188 669 1249; x_wconf 93' lang='lat' dir='ltr'><strong>locum</strong></span> <span class='ocrx_word' id='word_1_59' title='bbox 688 1233 705 1262; x_wconf 96' lang='lat'><strong>,</strong></span> <span class='ocrx_word' id='word_1_60' title='bbox 737 1186 1036 1267; x_wconf 84' lang='lat' dir='ltr'><strong>proripuit</strong></span> <span class='ocrx_word' id='word_1_61' title='bbox 1064 1205 1128 1247; x_wconf 89' lang='lat' dir='ltr'><strong>se</strong></span> <span class='ocrx_word' id='word_1_62' title='bbox 1159 1196 1219 1248; x_wconf 92' lang='lat' dir='ltr'><strong>et</strong></span> <span class='ocrx_word' id='word_1_63' title='bbox 1246 1187 1307 1248; x_wconf 92' lang='lat' dir='ltr'><strong>in</strong></span> <span class='ocrx_word' id='word_1_64' title='bbox 1340 1195 1572 1267; x_wconf 87' lang='lat' dir='ltr'><strong>partem</strong></span> <span class='ocrx_word' id='word_1_65' title='bbox 1603 1185 1834 1247; x_wconf 90' lang='lat' dir='ltr'><strong>aedium</strong></span> <span class='ocrx_word' id='word_1_66' title='bbox 1867 1185 2212 1246; x_wconf 90' lang='lat' dir='ltr'><strong>interiorem</strong></span> <span class='ocrx_word' id='word_1_67' title='bbox 2244 1185 2394 1264; x_wconf 87' lang='lat' dir='ltr'><strong>fugit</strong></span> 
     </span>
     <span class='ocr_line' id='line_1_12' title="bbox 1537 1294 1571 1328; baseline 0 -5"><span class='ocrx_word' id='word_1_68' title='bbox 1537 1294 1571 1328; x_wconf 74' lang='grc'>*</span> 
     </span>
    </p>
   </div>
   <div class='ocr_carea' id='block_1_9' title="bbox 2677 940 2710 988">
    <p class='ocr_par' dir='ltr' id='par_1_9' title="bbox 2677 940 2710 988">
     <span class='ocr_line' id='line_1_13' title="bbox 2677 940 2710 988; baseline 0 0"><span class='ocrx_word' id='word_1_69' title='bbox 2677 940 2710 988; x_wconf 78' lang='grc'><strong>5</strong></span> 
     </span>
    </p>
   </div>
   <div class='ocr_carea' id='block_1_10' title="bbox 629 1352 2741 1435">
    <p class='ocr_par' dir='ltr' id='par_1_10' title="bbox 629 1352 2741 1435">
     <span class='ocr_line' id='line_1_14' title="bbox 629 1352 2741 1435; baseline -0 -18"><span class='ocrx_word' id='word_1_70' title='bbox 629 1353 643 1435; x_wconf 84' lang='grc' dir='ltr'>Ι</span> <span class='ocrx_word' id='word_1_71' title='bbox 681 1355 1024 1418; x_wconf 85' lang='lat' dir='ltr'><strong>cubiculum</strong></span> <span class='ocrx_word' id='word_1_72' title='bbox 1055 1365 1250 1417; x_wconf 88' lang='lat' dir='ltr'><strong>autem</strong></span> <span class='ocrx_word' id='word_1_73' title='bbox 1281 1375 1483 1417; x_wconf 91' lang='lat' dir='ltr'><strong>meum</strong></span> <span class='ocrx_word' id='word_1_74' title='bbox 1509 1355 1747 1435; x_wconf 79' lang='lat' dir='ltr'><strong>Chrysis</strong></span> <span class='ocrx_word' id='word_1_75' title='bbox 1775 1353 2013 1414; x_wconf 90' lang='lat' dir='ltr'><strong>intravit</strong></span> <span class='ocrx_word' id='word_1_76' title='bbox 2035 1352 2455 1433; x_wconf 83' lang='lat' dir='ltr'><strong>codicillosque</strong></span> <span class='ocrx_word' id='word_1_77' title='bbox 2483 1356 2627 1416; x_wconf 91' lang='lat' dir='ltr'><strong>mihi</strong></span> <span class='ocrx_word' id='word_1_78' title='bbox 2642 1365 2741 1416; x_wconf 87' lang='lat' dir='ltr'><strong>Lo</strong></span> 
     </span>
    </p>
   </div>
   <div class='ocr_carea' id='block_1_11' title="bbox 469 1439 2635 3132">
    <p class='ocr_par' dir='ltr' id='par_1_11' title="bbox 469 1439 2635 3132">
     <span class='ocr_line' id='line_1_15' title="bbox 471 1439 2629 1521; baseline -0 -19"><span class='ocrx_word' id='word_1_79' title='bbox 471 1441 744 1503; x_wconf 91' lang='lat' dir='ltr'><strong>dominae</strong></span> <span class='ocrx_word' id='word_1_80' title='bbox 775 1460 915 1504; x_wconf 91' lang='lat' dir='ltr'><strong>suae</strong></span> <span class='ocrx_word' id='word_1_81' title='bbox 945 1441 1227 1515; x_wconf 83' lang='lat' dir='ltr'><strong>reddidit,</strong></span> <span class='ocrx_word' id='word_1_82' title='bbox 1271 1441 1332 1502; x_wconf 94' lang='lat' dir='ltr'><strong>in</strong></span> <span class='ocrx_word' id='word_1_83' title='bbox 1367 1441 1587 1521; x_wconf 89' lang='lat' dir='ltr'><strong>quibus</strong></span> <span class='ocrx_word' id='word_1_84' title='bbox 1615 1441 1762 1501; x_wconf 88' lang='lat' dir='ltr'><strong>haec</strong></span> <span class='ocrx_word' id='word_1_85' title='bbox 1791 1446 1964 1500; x_wconf 90' lang='lat' dir='ltr'><strong>erant</strong></span> <span class='ocrx_word' id='word_1_86' title='bbox 1992 1439 2243 1518; x_wconf 87' lang='lat' dir='ltr'><strong>scripta:</strong></span> <span class='ocrx_word' id='word_1_87' title='bbox 2291 1439 2480 1501; x_wconf 84' lang='lat' dir='ltr'><strong>‘Circe</strong></span> <span class='ocrx_word' id='word_1_88' title='bbox 2510 1439 2629 1501; x_wconf 91' lang='lat' dir='ltr'><strong>Po-</strong></span> 
     </span>
     <span class='ocr_line' id='line_1_16' title="bbox 469 1524 2628 1608; baseline -0.001 -20"><span class='ocrx_word' id='word_1_89' title='bbox 469 1527 679 1608; x_wconf 88' lang='lat' dir='ltr'><strong>lyaeno</strong></span> <span class='ocrx_word' id='word_1_90' title='bbox 737 1527 1004 1589; x_wconf 91' lang='lat' dir='ltr'><strong>salutem.</strong></span> <span class='ocrx_word' id='word_1_91' title='bbox 1080 1527 1128 1587; x_wconf 95' lang='lat' dir='ltr'><strong>si</strong></span> <span class='ocrx_word' id='word_1_92' title='bbox 1174 1525 1487 1588; x_wconf 88' lang='lat' dir='ltr'><strong>libidinosa</strong></span> <span class='ocrx_word' id='word_1_93' title='bbox 1533 1544 1751 1598; x_wconf 90' lang='lat' dir='ltr'><strong>essem,</strong></span> <span class='ocrx_word' id='word_1_94' title='bbox 1799 1540 2084 1603; x_wconf 90' lang='lat' dir='ltr'><strong>quererer</strong></span> <span class='ocrx_word' id='word_1_95' title='bbox 2126 1524 2406 1603; x_wconf 81' lang='lat' dir='ltr'><strong>decepta3</strong></span> <span class='ocrx_word' id='word_1_96' title='bbox 2462 1544 2628 1586; x_wconf 89' lang='lat' dir='ltr'><strong>nunc</strong></span> 
     </span>
     <span class='ocr_line' id='line_1_17' title="bbox 471 1608 2629 1692; baseline -0.001 -19"><span class='ocrx_word' id='word_1_97' title='bbox 471 1613 644 1673; x_wconf 90' lang='lat' dir='ltr'><strong>etiam</strong></span> <span class='ocrx_word' id='word_1_98' title='bbox 677 1610 948 1692; x_wconf 83' lang='lat' dir='ltr'><strong>languori</strong></span> <span class='ocrx_word' id='word_1_99' title='bbox 978 1620 1081 1671; x_wconf 83' lang='lat' dir='ltr'><strong>tuo</strong></span> <span class='ocrx_word' id='word_1_100' title='bbox 1113 1612 1330 1690; x_wconf 77' lang='lat' dir='ltr'><strong>gratias</strong></span> <span class='ocrx_word' id='word_1_101' title='bbox 1361 1630 1492 1692; x_wconf 90' lang='lat' dir='ltr'><strong>ago.</strong></span> <span class='ocrx_word' id='word_1_102' title='bbox 1566 1612 1628 1671; x_wconf 91' lang='lat' dir='ltr'><strong>in</strong></span> <span class='ocrx_word' id='word_1_103' title='bbox 1661 1609 1869 1669; x_wconf 90' lang='lat' dir='ltr'><strong>umbra</strong></span> <span class='ocrx_word' id='word_1_104' title='bbox 1900 1608 2214 1687; x_wconf 85' lang='lat' dir='ltr'><strong>voluptatis</strong></span> <span class='ocrx_word' id='word_1_105' title='bbox 2245 1609 2465 1670; x_wconf 84' lang='lat' dir='ltr'><strong>diutius</strong></span> <span class='ocrx_word' id='word_1_106' title='bbox 2495 1609 2629 1671; x_wconf 92' lang='lat' dir='ltr'><strong>lusi.</strong></span> 
     </span>
     <span class='ocr_line' id='line_1_18' title="bbox 471 1692 2627 1776; baseline -0.001 -19"><span class='ocrx_word' id='word_1_107' title='bbox 471 1696 611 1776; x_wconf 86' lang='lat' dir='ltr'><strong>quid</strong></span> <span class='ocrx_word' id='word_1_108' title='bbox 642 1704 839 1757; x_wconf 89' lang='lat' dir='ltr'><strong>tamen</strong></span> <span class='ocrx_word' id='word_1_109' title='bbox 873 1714 1010 1776; x_wconf 89' lang='lat' dir='ltr'><strong>agas</strong></span> <span class='ocrx_word' id='word_1_110' title='bbox 1030 1741 1045 1767; x_wconf 96' lang='lat'><strong>,</strong></span> <span class='ocrx_word' id='word_1_111' title='bbox 1079 1713 1319 1773; x_wconf 84' lang='lat' dir='ltr'><strong>quaero,</strong></span> <span class='ocrx_word' id='word_1_112' title='bbox 1352 1705 1413 1756; x_wconf 89' lang='lat' dir='ltr'><strong>et</strong></span> <span class='ocrx_word' id='word_1_113' title='bbox 1442 1715 1518 1756; x_wconf 88' lang='lat' dir='ltr'><strong>an</strong></span> <span class='ocrx_word' id='word_1_114' title='bbox 1550 1696 1669 1757; x_wconf 92' lang='lat' dir='ltr'><strong>tuis</strong></span> <span class='ocrx_word' id='word_1_115' title='bbox 1699 1692 1951 1774; x_wconf 91' lang='lat' dir='ltr'><strong>pedibus</strong></span> <span class='ocrx_word' id='word_1_116' title='bbox 1980 1694 2325 1772; x_wconf 86' lang='lat' dir='ltr'><strong>perveneris</strong></span> <span class='ocrx_word' id='word_1_117' title='bbox 2354 1693 2627 1769; x_wconf 86' lang='lat' dir='ltr'><strong>domum;</strong></span> 
     </span>
     <span class='ocr_line' id='line_1_19' title="bbox 474 1777 2633 1860; baseline -0 -19"><span class='ocrx_word' id='word_1_118' title='bbox 474 1789 697 1860; x_wconf 85' lang='lat' dir='ltr'><strong>negant</strong></span> <span class='ocrx_word' id='word_1_119' title='bbox 740 1780 900 1842; x_wconf 92' lang='lat' dir='ltr'><strong>enim</strong></span> <span class='ocrx_word' id='word_1_120' title='bbox 944 1780 1155 1840; x_wconf 91' lang='lat' dir='ltr'><strong>medici</strong></span> <span class='ocrx_word' id='word_1_121' title='bbox 1200 1780 1329 1841; x_wconf 90' lang='lat' dir='ltr'><strong>sine</strong></span> <span class='ocrx_word' id='word_1_122' title='bbox 1375 1782 1572 1842; x_wconf 89' lang='lat' dir='ltr'><strong>nervis</strong></span> <span class='ocrx_word' id='word_1_123' title='bbox 1599 1779 1872 1841; x_wconf 91' lang='lat' dir='ltr'><strong>homines</strong></span> <span class='ocrx_word' id='word_1_124' title='bbox 1901 1777 2202 1840; x_wconf 88' lang='lat' dir='ltr'><strong>ambulare</strong></span> <span class='ocrx_word' id='word_1_125' title='bbox 2232 1798 2427 1859; x_wconf 90' lang='lat' dir='ltr'><strong>posse.</strong></span> <span class='ocrx_word' id='word_1_126' title='bbox 2490 1798 2633 1840; x_wconf 91' lang='lat' dir='ltr'><strong>nar-</strong></span> 
     </span>
     <span class='ocr_line' id='line_1_20' title="bbox 474 1864 2631 1946; baseline 0.001 -21"><span class='ocrx_word' id='word_1_127' title='bbox 474 1865 617 1926; x_wconf 88' lang='lat' dir='ltr'><strong>rabo</strong></span> <span class='ocrx_word' id='word_1_128' title='bbox 649 1864 775 1939; x_wconf 91' lang='lat' dir='ltr'><strong>tibi,</strong></span> <span class='ocrx_word' id='word_1_129' title='bbox 807 1864 1176 1937; x_wconf 84' lang='lat' dir='ltr'><strong>adulescens,</strong></span> <span class='ocrx_word' id='word_1_130' title='bbox 1210 1865 1509 1946; x_wconf 85' lang='lat' dir='ltr'><strong>paralysin</strong></span> <span class='ocrx_word' id='word_1_131' title='bbox 1541 1883 1696 1927; x_wconf 88' lang='lat' dir='ltr'><strong>cave.</strong></span> <span class='ocrx_word' id='word_1_132' title='bbox 1757 1882 2061 1942; x_wconf 88' lang='lat' dir='ltr'><strong>nunquam</strong></span> <span class='ocrx_word' id='word_1_133' title='bbox 2093 1882 2204 1942; x_wconf 87' lang='lat' dir='ltr'><strong>ego</strong></span> <span class='ocrx_word' id='word_1_134' title='bbox 2235 1881 2477 1943; x_wconf 89' lang='lat' dir='ltr'><strong>aegrum</strong></span> <span class='ocrx_word' id='word_1_135' title='bbox 2509 1874 2631 1927; x_wconf 80' lang='lat' dir='ltr'><strong>tam</strong></span> 
     </span>
     <span class='ocr_line' id='line_1_21' title="bbox 471 1948 2632 2029; baseline 0 -19"><span class='ocrx_word' id='word_1_136' title='bbox 471 1968 688 2029; x_wconf 92' lang='lat' dir='ltr'><strong>magno</strong></span> <span class='ocrx_word' id='word_1_137' title='bbox 732 1948 1000 2029; x_wconf 92' lang='lat' dir='ltr'><strong>periculo</strong></span> <span class='ocrx_word' id='word_1_138' title='bbox 1044 1948 1191 2025; x_wconf 89' lang='lat' dir='ltr'><strong>vidi;</strong></span> <span class='ocrx_word' id='word_1_139' title='bbox 1240 1949 1467 2011; x_wconf 92' lang='lat' dir='ltr'><strong>medius</strong></span> <span class='ocrx_word' id='word_1_140' title='bbox 1510 1950 1685 2011; x_wconf 88' lang='lat' dir='ltr'><strong>fidius</strong></span> <span class='ocrx_word' id='word_1_141' title='bbox 1727 1949 1840 2010; x_wconf 86' lang='lat' dir='ltr'><strong>iam</strong></span> <span class='ocrx_word' id='word_1_142' title='bbox 1887 1949 2110 2028; x_wconf 92' lang='lat' dir='ltr'><strong>peristi.</strong></span> <span class='ocrx_word' id='word_1_143' title='bbox 2173 1949 2331 2027; x_wconf 93' lang='lat' dir='ltr'><strong>quod</strong></span> <span class='ocrx_word' id='word_1_144' title='bbox 2376 1950 2426 2011; x_wconf 92' lang='lat' dir='ltr'><strong>si</strong></span> <span class='ocrx_word' id='word_1_145' title='bbox 2472 1949 2632 2011; x_wconf 89' lang='lat' dir='ltr'><strong>idem</strong></span> 
     </span>
     <span class='ocr_line' id='line_1_22' title="bbox 471 2033 2631 2114; baseline 0 -20"><span class='ocrx_word' id='word_1_146' title='bbox 471 2035 659 2114; x_wconf 80' lang='lat' dir='ltr'><strong>frigus</strong></span> <span class='ocrx_word' id='word_1_147' title='bbox 692 2052 885 2113; x_wconf 93' lang='lat' dir='ltr'><strong>genua</strong></span> <span class='ocrx_word' id='word_1_148' title='bbox 922 2052 1254 2113; x_wconf 89' lang='lat' dir='ltr'><strong>manusque</strong></span> <span class='ocrx_word' id='word_1_149' title='bbox 1287 2036 1658 2114; x_wconf 86' lang='lat' dir='ltr'><strong>temptaverit</strong></span> <span class='ocrx_word' id='word_1_150' title='bbox 1681 2043 1831 2107; x_wconf 78' lang='lat' dir='ltr'><strong>tuaS,</strong></span> <span class='ocrx_word' id='word_1_151' title='bbox 1854 2033 1992 2095; x_wconf 85' lang='lat' dir='ltr'><strong>licet</strong></span> <span class='ocrx_word' id='word_1_152' title='bbox 2014 2033 2086 2094; x_wconf 89' lang='lat' dir='ltr'><strong>ad</strong></span> <span class='ocrx_word' id='word_1_153' title='bbox 2104 2033 2398 2095; x_wconf 76' lang='lat' dir='ltr'><strong>tubicines</strong></span> <span class='ocrx_word' id='word_1_154' title='bbox 2414 2034 2631 2097; x_wconf 85' lang='lat' dir='ltr'><strong>mittas.</strong></span> 
     </span>
     <span class='ocr_line' id='line_1_23' title="bbox 474 2117 2630 2199; baseline 0 -20"><span class='ocrx_word' id='word_1_155' title='bbox 474 2120 613 2198; x_wconf 89' lang='lat' dir='ltr'><strong>quid</strong></span> <span class='ocrx_word' id='word_1_156' title='bbox 660 2138 802 2199; x_wconf 90' lang='lat' dir='ltr'><strong>ergo</strong></span> <span class='ocrx_word' id='word_1_157' title='bbox 835 2117 965 2180; x_wconf 83' lang='lat' dir='ltr'><strong>est?</strong></span> <span class='ocrx_word' id='word_1_158' title='bbox 1011 2120 1184 2179; x_wconf 89' lang='lat' dir='ltr'><strong>etiam</strong></span> <span class='ocrx_word' id='word_1_159' title='bbox 1217 2120 1266 2181; x_wconf 92' lang='lat' dir='ltr'><strong>si</strong></span> <span class='ocrx_word' id='word_1_160' title='bbox 1297 2138 1537 2198; x_wconf 87' lang='lat' dir='ltr'><strong>gravem</strong></span> <span class='ocrx_word' id='word_1_161' title='bbox 1566 2120 1845 2181; x_wconf 91' lang='lat' dir='ltr'><strong>iniuriam</strong></span> <span class='ocrx_word' id='word_1_162' title='bbox 1875 2119 2107 2198; x_wconf 89' lang='lat' dir='ltr'><strong>accepi,</strong></span> <span class='ocrx_word' id='word_1_163' title='bbox 2155 2118 2382 2179; x_wconf 91' lang='lat' dir='ltr'><strong>homini</strong></span> <span class='ocrx_word' id='word_1_164' title='bbox 2429 2128 2630 2181; x_wconf 86' lang='lat' dir='ltr'><strong>tamen</strong></span> 
     </span>
     <span class='ocr_line' id='line_1_24' title="bbox 472 2203 2630 2285; baseline 0.001 -21"><span class='ocrx_word' id='word_1_165' title='bbox 472 2205 690 2266; x_wconf 91' lang='lat' dir='ltr'><strong>misero</strong></span> <span class='ocrx_word' id='word_1_166' title='bbox 722 2224 844 2265; x_wconf 93' lang='lat' dir='ltr'><strong>non</strong></span> <span class='ocrx_word' id='word_1_167' title='bbox 876 2204 1109 2265; x_wconf 83' lang='lat' dir='ltr'><strong>invideo</strong></span> <span class='ocrx_word' id='word_1_168' title='bbox 1140 2204 1515 2266; x_wconf 87' lang='lat' dir='ltr'><strong>medicinam.</strong></span> <span class='ocrx_word' id='word_1_169' title='bbox 1574 2205 1622 2267; x_wconf 92' lang='lat' dir='ltr'><strong>si</strong></span> <span class='ocrx_word' id='word_1_170' title='bbox 1652 2205 1738 2266; x_wconf 86' lang='lat' dir='ltr'><strong>vis</strong></span> <span class='ocrx_word' id='word_1_171' title='bbox 1768 2221 1949 2265; x_wconf 88' lang='lat' dir='ltr'><strong>sanus</strong></span> <span class='ocrx_word' id='word_1_172' title='bbox 1978 2223 2125 2277; x_wconf 89' lang='lat' dir='ltr'><strong>esse,</strong></span> <span class='ocrx_word' id='word_1_173' title='bbox 2159 2203 2435 2265; x_wconf 89' lang='lat' dir='ltr'><strong>Gitonem</strong></span> <span class='ocrx_word' id='word_1_174' title='bbox 2466 2223 2630 2285; x_wconf 89' lang='lat' dir='ltr'><strong>roga.</strong></span> 
     </span>
     <span class='ocr_line' id='line_1_25' title="bbox 472 2288 2630 2370; baseline 0 -19"><span class='ocrx_word' id='word_1_175' title='bbox 472 2289 750 2370; x_wconf 86' lang='lat' dir='ltr'><strong>recipies,</strong></span> <span class='ocrx_word' id='word_1_176' title='bbox 795 2290 1071 2369; x_wconf 91' lang='lat' dir='ltr'><strong>inquam,</strong></span> <span class='ocrx_word' id='word_1_177' title='bbox 1120 2309 1334 2353; x_wconf 87' lang='lat' dir='ltr'><strong>nervos</strong></span> <span class='ocrx_word' id='word_1_178' title='bbox 1378 2300 1545 2364; x_wconf 88' lang='lat' dir='ltr'><strong>tuos,</strong></span> <span class='ocrx_word' id='word_1_179' title='bbox 1590 2292 1638 2352; x_wconf 91' lang='lat' dir='ltr'><strong>si</strong></span> <span class='ocrx_word' id='word_1_180' title='bbox 1683 2289 1880 2352; x_wconf 85' lang='lat' dir='ltr'><strong>triduo</strong></span> <span class='ocrx_word' id='word_1_181' title='bbox 1924 2288 2053 2351; x_wconf 92' lang='lat' dir='ltr'><strong>sine</strong></span> <span class='ocrx_word' id='word_1_182' title='bbox 2083 2290 2268 2351; x_wconf 81' lang='lat' dir='ltr'><strong>fratre</strong></span> <span class='ocrx_word' id='word_1_183' title='bbox 2298 2290 2630 2354; x_wconf 89' lang='lat' dir='ltr'><strong>dormieris.</strong></span> 
     </span>
     <span class='ocr_line' id='line_1_26' title="bbox 475 2374 2635 2454; baseline 0.001 -18"><span class='ocrx_word' id='word_1_184' title='bbox 475 2394 611 2436; x_wconf 90' lang='lat' dir='ltr'><strong>nam</strong></span> <span class='ocrx_word' id='word_1_185' title='bbox 644 2375 801 2454; x_wconf 86' lang='lat' dir='ltr'><strong>quod</strong></span> <span class='ocrx_word' id='word_1_186' title='bbox 835 2377 904 2436; x_wconf 92' lang='lat' dir='ltr'><strong>ad</strong></span> <span class='ocrx_word' id='word_1_187' title='bbox 938 2394 1033 2436; x_wconf 93' lang='lat' dir='ltr'><strong>me</strong></span> <span class='ocrx_word' id='word_1_188' title='bbox 1063 2375 1305 2451; x_wconf 90' lang='lat' dir='ltr'><strong>attinet,</strong></span> <span class='ocrx_word' id='word_1_189' title='bbox 1353 2395 1478 2436; x_wconf 91' lang='lat' dir='ltr'><strong>non</strong></span> <span class='ocrx_word' id='word_1_190' title='bbox 1511 2377 1716 2449; x_wconf 90' lang='lat' dir='ltr'><strong>timeo,</strong></span> <span class='ocrx_word' id='word_1_191' title='bbox 1756 2394 1832 2436; x_wconf 94' lang='lat' dir='ltr'><strong>ne</strong></span> <span class='ocrx_word' id='word_1_192' title='bbox 1864 2374 1999 2453; x_wconf 92' lang='lat' dir='ltr'><strong>quis</strong></span> <span class='ocrx_word' id='word_1_193' title='bbox 2026 2375 2363 2435; x_wconf 88' lang='lat' dir='ltr'><strong>inveniatur</strong></span> <span class='ocrx_word' id='word_1_194' title='bbox 2393 2377 2488 2437; x_wconf 92' lang='lat' dir='ltr'><strong>cui</strong></span> <span class='ocrx_word' id='word_1_195' title='bbox 2519 2377 2635 2438; x_wconf 92' lang='lat' dir='ltr'><strong>mi-</strong></span> 
     </span>
     <span class='ocr_line' id='line_1_27' title="bbox 475 2460 2633 2539; baseline 0.001 -19"><span class='ocrx_word' id='word_1_196' title='bbox 475 2479 588 2521; x_wconf 92' lang='lat' dir='ltr'><strong>nus</strong></span> <span class='ocrx_word' id='word_1_197' title='bbox 630 2461 910 2539; x_wconf 89' lang='lat' dir='ltr'><strong>placeam.</strong></span> <span class='ocrx_word' id='word_1_198' title='bbox 974 2479 1087 2521; x_wconf 91' lang='lat' dir='ltr'><strong>nec</strong></span> <span class='ocrx_word' id='word_1_199' title='bbox 1130 2460 1436 2539; x_wconf 92' lang='lat' dir='ltr'><strong>speculum</strong></span> <span class='ocrx_word' id='word_1_200' title='bbox 1484 2461 1627 2521; x_wconf 90' lang='lat' dir='ltr'><strong>mihi</strong></span> <span class='ocrx_word' id='word_1_201' title='bbox 1674 2478 1786 2522; x_wconf 91' lang='lat' dir='ltr'><strong>nec</strong></span> <span class='ocrx_word' id='word_1_202' title='bbox 1831 2462 1980 2520; x_wconf 84' lang='lat' dir='ltr'><strong>fama</strong></span> <span class='ocrx_word' id='word_1_203' title='bbox 2012 2460 2317 2520; x_wconf 90' lang='lat' dir='ltr'><strong>mentitur.</strong></span> <span class='ocrx_word' id='word_1_204' title='bbox 2378 2461 2535 2534; x_wconf 88' lang='lat' dir='ltr'><strong>vale,</strong></span> <span class='ocrx_word' id='word_1_205' title='bbox 2582 2463 2633 2523; x_wconf 92' lang='lat' dir='ltr'><strong>si</strong></span> 
     </span>
     <span class='ocr_line' id='line_1_28' title="bbox 515 2544 679 2606; baseline 0 -2"><span class='ocrx_word' id='word_1_206' title='bbox 515 2544 679 2606; x_wconf 90' lang='lat' dir='ltr'><strong>otes’.</strong></span> 
     </span>
     <span class='ocr_line' id='line_1_29' title="bbox 470 2564 2632 2708; baseline 0.001 -19"><span class='ocrx_word' id='word_1_207' title='bbox 470 2564 510 2624; x_wconf 75' lang='lat' dir='ltr'>p</span> <span class='ocrx_word' id='word_1_208' title='bbox 642 2638 708 2690; x_wconf 90' lang='lat' dir='ltr'><strong>ut</strong></span> <span class='ocrx_word' id='word_1_209' title='bbox 737 2628 1028 2689; x_wconf 86' lang='lat' dir='ltr'><strong>intellexit</strong></span> <span class='ocrx_word' id='word_1_210' title='bbox 1049 2628 1285 2708; x_wconf 80' lang='lat' dir='ltr'><strong>Chrysis</strong></span> <span class='ocrx_word' id='word_1_211' title='bbox 1314 2630 1634 2707; x_wconf 84' lang='lat' dir='ltr'><strong>perlegisse</strong></span> <span class='ocrx_word' id='word_1_212' title='bbox 1665 2647 1759 2689; x_wconf 93' lang='lat' dir='ltr'><strong>me</strong></span> <span class='ocrx_word' id='word_1_213' title='bbox 1789 2637 1978 2689; x_wconf 91' lang='lat' dir='ltr'><strong>totum</strong></span> <span class='ocrx_word' id='word_1_214' title='bbox 2011 2629 2365 2703; x_wconf 89' lang='lat' dir='ltr'><strong>convicium,</strong></span> <span class='ocrx_word' id='word_1_215' title='bbox 2397 2630 2632 2692; x_wconf 86' lang='lat' dir='ltr'><strong>‘solent&#39;</strong></span> 
     </span>
     <span class='ocr_line' id='line_1_30' title="bbox 475 2713 2632 2793; baseline 0.001 -19"><span class='ocrx_word' id='word_1_216' title='bbox 475 2714 670 2792; x_wconf 89' lang='lat' dir='ltr'><strong>inquit</strong></span> <span class='ocrx_word' id='word_1_217' title='bbox 698 2713 866 2774; x_wconf 83' lang='lat' dir='ltr'><strong>‘haec</strong></span> <span class='ocrx_word' id='word_1_218' title='bbox 910 2713 1071 2784; x_wconf 87' lang='lat' dir='ltr'><strong>fieri,</strong></span> <span class='ocrx_word' id='word_1_219' title='bbox 1118 2721 1178 2773; x_wconf 91' lang='lat' dir='ltr'><strong>et</strong></span> <span class='ocrx_word' id='word_1_220' title='bbox 1212 2714 1534 2793; x_wconf 87' lang='lat' dir='ltr'><strong>praecipue</strong></span> <span class='ocrx_word' id='word_1_221' title='bbox 1566 2715 1625 2774; x_wconf 89' lang='lat' dir='ltr'><strong>in</strong></span> <span class='ocrx_word' id='word_1_222' title='bbox 1657 2714 1769 2774; x_wconf 92' lang='lat' dir='ltr'><strong>hac</strong></span> <span class='ocrx_word' id='word_1_223' title='bbox 1798 2714 2061 2788; x_wconf 87' lang='lat' dir='ltr'><strong>civitate,</strong></span> <span class='ocrx_word' id='word_1_224' title='bbox 2106 2714 2167 2774; x_wconf 94' lang='lat' dir='ltr'><strong>in</strong></span> <span class='ocrx_word' id='word_1_225' title='bbox 2202 2733 2319 2793; x_wconf 89' lang='lat' dir='ltr'><strong>qua</strong></span> <span class='ocrx_word' id='word_1_226' title='bbox 2351 2715 2632 2777; x_wconf 91' lang='lat' dir='ltr'><strong>mulieres</strong></span> 
     </span>
     <span class='ocr_line' id='line_1_31' title="bbox 476 2797 2629 2878; baseline 0.001 -20"><span class='ocrx_word' id='word_1_227' title='bbox 476 2800 650 2859; x_wconf 86' lang='lat' dir='ltr'><strong>etiam</strong></span> <span class='ocrx_word' id='word_1_228' title='bbox 696 2797 897 2858; x_wconf 86' lang='lat' dir='ltr'><strong>lunam</strong></span> <span class='ocrx_word' id='word_1_229' title='bbox 944 2798 1245 2858; x_wconf 90' lang='lat' dir='ltr'><strong>deducunt</strong></span> <span class='ocrx_word' id='word_1_230' title='bbox 1279 2818 1313 2855; x_wconf 71' lang='grc' dir='ltr'><strong>ια</strong></span> <span class='ocrx_word' id='word_1_231' title='bbox 1346 2799 1544 2877; x_wconf 86' lang='lat' dir='ltr'><strong>itaque</strong></span> <span class='ocrx_word' id='word_1_232' title='bbox 1587 2799 1764 2860; x_wconf 91' lang='lat' dir='ltr'><strong>huius</strong></span> <span class='ocrx_word' id='word_1_233' title='bbox 1809 2816 2048 2877; x_wconf 89' lang='lat' dir='ltr'><strong>quoque</strong></span> <span class='ocrx_word' id='word_1_234' title='bbox 2092 2799 2178 2859; x_wconf 90' lang='lat' dir='ltr'><strong>rei</strong></span> <span class='ocrx_word' id='word_1_235' title='bbox 2227 2818 2367 2860; x_wconf 91' lang='lat' dir='ltr'><strong>cura</strong></span> <span class='ocrx_word' id='word_1_236' title='bbox 2398 2810 2629 2878; x_wconf 89' lang='lat' dir='ltr'><strong>agetur.</strong></span> 
     </span>
     <span class='ocr_line' id='line_1_32' title="bbox 475 2880 2634 2962; baseline 0.002 -20"><span class='ocrx_word' id='word_1_237' title='bbox 475 2881 738 2944; x_wconf 88' lang='lat' dir='ltr'><strong>rescribe</strong></span> <span class='ocrx_word' id='word_1_238' title='bbox 782 2880 961 2943; x_wconf 91' lang='lat' dir='ltr'><strong>modo</strong></span> <span class='ocrx_word' id='word_1_239' title='bbox 1006 2882 1279 2944; x_wconf 88' lang='lat' dir='ltr'><strong>blandius</strong></span> <span class='ocrx_word' id='word_1_240' title='bbox 1324 2884 1598 2944; x_wconf 90' lang='lat' dir='ltr'><strong>dominae</strong></span> <span class='ocrx_word' id='word_1_241' title='bbox 1641 2884 2023 2962; x_wconf 91' lang='lat' dir='ltr'><strong>animumque</strong></span> <span class='ocrx_word' id='word_1_242' title='bbox 2069 2883 2196 2945; x_wconf 92' lang='lat' dir='ltr'><strong>eius</strong></span> <span class='ocrx_word' id='word_1_243' title='bbox 2240 2884 2487 2946; x_wconf 86' lang='lat' dir='ltr'><strong>candida</strong></span> <span class='ocrx_word' id='word_1_244' title='bbox 2517 2886 2634 2946; x_wconf 91' lang='lat' dir='ltr'><strong>hu-</strong></span> 
     </span>
     <span class='ocr_line' id='line_1_33' title="bbox 475 2966 2634 3048; baseline 0.002 -22"><span class='ocrx_word' id='word_1_245' title='bbox 475 2966 754 3027; x_wconf 84' lang='lat' dir='ltr'><strong>manitate</strong></span> <span class='ocrx_word' id='word_1_246' title='bbox 795 2966 1060 3028; x_wconf 89' lang='lat' dir='ltr'><strong>restitue.</strong></span> <span class='ocrx_word' id='word_1_247' title='bbox 1121 2986 1323 3029; x_wconf 91' lang='lat' dir='ltr'><strong>verum</strong></span> <span class='ocrx_word' id='word_1_248' title='bbox 1368 2969 1527 3029; x_wconf 90' lang='lat' dir='ltr'><strong>enim</strong></span> <span class='ocrx_word' id='word_1_249' title='bbox 1574 2969 1874 3030; x_wconf 83' lang='lat' dir='ltr'><strong>fatendum</strong></span> <span class='ocrx_word' id='word_1_250' title='bbox 1921 2978 2039 3029; x_wconf 88' lang='lat' dir='ltr'><strong>est:</strong></span> <span class='ocrx_word' id='word_1_251' title='bbox 2087 2987 2158 3028; x_wconf 86' lang='lat' dir='ltr'><strong>ex</strong></span> <span class='ocrx_word' id='word_1_252' title='bbox 2205 2988 2321 3048; x_wconf 86' lang='lat' dir='ltr'><strong>qua</strong></span> <span class='ocrx_word' id='word_1_253' title='bbox 2359 2971 2506 3030; x_wconf 86' lang='lat' dir='ltr'><strong>hora</strong></span> <span class='ocrx_word' id='word_1_254' title='bbox 2535 2971 2634 3031; x_wconf 90' lang='lat' dir='ltr'><strong>in-</strong></span> 
     </span>
     <span class='ocr_line' id='line_1_34' title="bbox 482 3052 2633 3132; baseline 0.003 -21"><span class='ocrx_word' id='word_1_255' title='bbox 482 3052 690 3112; x_wconf 88' lang='lat' dir='ltr'><strong>iuriam</strong></span> <span class='ocrx_word' id='word_1_256' title='bbox 723 3052 968 3131; x_wconf 91' lang='lat' dir='ltr'><strong>accepit,</strong></span> <span class='ocrx_word' id='word_1_257' title='bbox 999 3054 1152 3132; x_wconf 90' lang='lat' dir='ltr'><strong>apud</strong></span> <span class='ocrx_word' id='word_1_258' title='bbox 1183 3072 1248 3114; x_wconf 92' lang='lat' dir='ltr'><strong>se</strong></span> <span class='ocrx_word' id='word_1_259' title='bbox 1279 3071 1400 3114; x_wconf 93' lang='lat' dir='ltr'><strong>non</strong></span> <span class='ocrx_word' id='word_1_260' title='bbox 1435 3053 1565 3114; x_wconf 90' lang='lat' dir='ltr'><strong>est&#39;.</strong></span> <span class='ocrx_word' id='word_1_261' title='bbox 1630 3053 1887 3115; x_wconf 89' lang='lat' dir='ltr'><strong>libenter</strong></span> <span class='ocrx_word' id='word_1_262' title='bbox 1916 3054 2151 3132; x_wconf 89' lang='lat' dir='ltr'><strong>quidem</strong></span> <span class='ocrx_word' id='word_1_263' title='bbox 2181 3055 2353 3132; x_wconf 89' lang='lat' dir='ltr'><strong>parui</strong></span> <span class='ocrx_word' id='word_1_264' title='bbox 2383 3056 2633 3117; x_wconf 86' lang='lat' dir='ltr'><strong>ancillae</strong></span> 
     </span>
    </p>
   </div>
   <div class='ocr_carea' id='block_1_12' title="bbox 313 3136 2634 3219">
    <p class='ocr_par' dir='ltr' id='par_1_12' title="bbox 313 3136 2634 3219">
     <span class='ocr_line' id='line_1_35' title="bbox 313 3136 2634 3219; baseline 0.001 -21"><span class='ocrx_word' id='word_1_265' title='bbox 313 3137 436 3199; x_wconf 87' lang='lat'><strong>130</strong></span> <span class='ocrx_word' id='word_1_266' title='bbox 481 3136 776 3216; x_wconf 88' lang='lat' dir='ltr'><strong>verbaque</strong></span> <span class='ocrx_word' id='word_1_267' title='bbox 808 3137 1091 3199; x_wconf 91' lang='lat' dir='ltr'><strong>codicillis</strong></span> <span class='ocrx_word' id='word_1_268' title='bbox 1119 3137 1254 3198; x_wconf 90' lang='lat' dir='ltr'><strong>talia</strong></span> <span class='ocrx_word' id='word_1_269' title='bbox 1285 3138 1574 3217; x_wconf 87' lang='lat' dir='ltr'><strong>imposui:</strong></span> <span class='ocrx_word' id='word_1_270' title='bbox 1623 3138 1972 3219; x_wconf 89' lang='lat' dir='ltr'><strong>‘Polyaenos</strong></span> <span class='ocrx_word' id='word_1_271' title='bbox 1996 3138 2197 3199; x_wconf 88' lang='lat' dir='ltr'><strong>Circae</strong></span> <span class='ocrx_word' id='word_1_272' title='bbox 2227 3139 2494 3201; x_wconf 91' lang='lat' dir='ltr'><strong>salutem.</strong></span> <span class='ocrx_word' id='word_1_273' title='bbox 2540 3142 2634 3201; x_wconf 83' lang='lat' dir='ltr'><strong>fa-</strong></span> 
     </span>
    </p>
   </div>
   <div class='ocr_carea' id='block_1_13' title="bbox 473 3222 2636 3719">
    <p class='ocr_par' dir='ltr' id='par_1_13' title="bbox 473 3222 2636 3719">
     <span class='ocr_line' id='line_1_36' title="bbox 476 3222 2635 3302; baseline 0.002 -19"><span class='ocrx_word' id='word_1_274' title='bbox 476 3231 608 3283; x_wconf 90' lang='lat' dir='ltr'><strong>teor</strong></span> <span class='ocrx_word' id='word_1_275' title='bbox 653 3241 782 3295; x_wconf 90' lang='lat' dir='ltr'><strong>me,</strong></span> <span class='ocrx_word' id='word_1_276' title='bbox 829 3222 1102 3296; x_wconf 90' lang='lat' dir='ltr'><strong>domina,</strong></span> <span class='ocrx_word' id='word_1_277' title='bbox 1147 3241 1324 3302; x_wconf 89' lang='lat' dir='ltr'><strong>saepe</strong></span> <span class='ocrx_word' id='word_1_278' title='bbox 1367 3241 1675 3302; x_wconf 89' lang='lat' dir='ltr'><strong>peccasse;</strong></span> <span class='ocrx_word' id='word_1_279' title='bbox 1721 3241 1856 3285; x_wconf 90' lang='lat' dir='ltr'><strong>nam</strong></span> <span class='ocrx_word' id='word_1_280' title='bbox 1889 3231 1946 3284; x_wconf 84' lang='lat' dir='ltr'><strong>et</strong></span> <span class='ocrx_word' id='word_1_281' title='bbox 1978 3224 2156 3285; x_wconf 90' lang='lat' dir='ltr'><strong>homo</strong></span> <span class='ocrx_word' id='word_1_282' title='bbox 2187 3243 2318 3285; x_wconf 90' lang='lat' dir='ltr'><strong>sum</strong></span> <span class='ocrx_word' id='word_1_283' title='bbox 2351 3233 2410 3286; x_wconf 85' lang='lat' dir='ltr'><strong>et</strong></span> <span class='ocrx_word' id='word_1_284' title='bbox 2438 3226 2635 3287; x_wconf 85' lang='lat' dir='ltr'><strong>adhuc</strong></span> 
     </span>
     <span class='ocr_line' id='line_1_37' title="bbox 476 3307 2634 3387; baseline 0.001 -18"><span class='ocrx_word' id='word_1_285' title='bbox 476 3307 726 3369; x_wconf 87' lang='lat' dir='ltr'><strong>iuvenis.</strong></span> <span class='ocrx_word' id='word_1_286' title='bbox 788 3324 1093 3385; x_wconf 91' lang='lat' dir='ltr'><strong>nunquam</strong></span> <span class='ocrx_word' id='word_1_287' title='bbox 1140 3316 1337 3368; x_wconf 88' lang='lat' dir='ltr'><strong>tamen</strong></span> <span class='ocrx_word' id='word_1_288' title='bbox 1371 3317 1510 3368; x_wconf 88' lang='lat' dir='ltr'><strong>ante</strong></span> <span class='ocrx_word' id='word_1_289' title='bbox 1539 3308 1702 3369; x_wconf 91' lang='lat' dir='ltr'><strong>hunc</strong></span> <span class='ocrx_word' id='word_1_290' title='bbox 1733 3307 1887 3369; x_wconf 91' lang='lat' dir='ltr'><strong>diem</strong></span> <span class='ocrx_word' id='word_1_291' title='bbox 1918 3327 2109 3387; x_wconf 89' lang='lat' dir='ltr'><strong>usque</strong></span> <span class='ocrx_word' id='word_1_292' title='bbox 2141 3310 2209 3370; x_wconf 91' lang='lat' dir='ltr'><strong>ad</strong></span> <span class='ocrx_word' id='word_1_293' title='bbox 2241 3318 2497 3371; x_wconf 90' lang='lat' dir='ltr'><strong>mortem</strong></span> <span class='ocrx_word' id='word_1_294' title='bbox 2527 3312 2634 3372; x_wconf 91' lang='lat' dir='ltr'><strong>de-</strong></span> 
     </span>
     <span class='ocr_line' id='line_1_38' title="bbox 473 3392 2636 3475; baseline 0.001 -22"><span class='ocrx_word' id='word_1_295' title='bbox 473 3393 638 3471; x_wconf 89' lang='lat' dir='ltr'><strong>liqui.</strong></span> <span class='ocrx_word' id='word_1_296' title='bbox 699 3392 879 3453; x_wconf 89' lang='lat' dir='ltr'><strong>habes</strong></span> <span class='ocrx_word' id='word_1_297' title='bbox 924 3394 1308 3453; x_wconf 86' lang='lat' dir='ltr'><strong>confitentem</strong></span> <span class='ocrx_word' id='word_1_298' title='bbox 1340 3411 1541 3453; x_wconf 90' lang='lat' dir='ltr'><strong>reum:</strong></span> <span class='ocrx_word' id='word_1_299' title='bbox 1588 3393 1868 3472; x_wconf 89' lang='lat' dir='ltr'><strong>quicquid</strong></span> <span class='ocrx_word' id='word_1_300' title='bbox 1900 3394 2169 3468; x_wconf 91' lang='lat' dir='ltr'><strong>iusseris,</strong></span> <span class='ocrx_word' id='word_1_301' title='bbox 2218 3395 2423 3455; x_wconf 90' lang='lat' dir='ltr'><strong>merui.</strong></span> <span class='ocrx_word' id='word_1_302' title='bbox 2484 3413 2636 3475; x_wconf 92' lang='lat' dir='ltr'><strong>pro-</strong></span> 
     </span>
     <span class='ocr_line' id='line_1_39' title="bbox 475 3477 2635 3558; baseline 0.002 -21"><span class='ocrx_word' id='word_1_303' title='bbox 475 3477 756 3539; x_wconf 92' lang='lat' dir='ltr'><strong>ditionem</strong></span> <span class='ocrx_word' id='word_1_304' title='bbox 803 3477 949 3551; x_wconf 83' lang='lat' dir='ltr'><strong>feci,</strong></span> <span class='ocrx_word' id='word_1_305' title='bbox 995 3478 1295 3538; x_wconf 90' lang='lat' dir='ltr'><strong>hominem</strong></span> <span class='ocrx_word' id='word_1_306' title='bbox 1343 3477 1565 3549; x_wconf 89' lang='lat' dir='ltr'><strong>occidi,</strong></span> <span class='ocrx_word' id='word_1_307' title='bbox 1609 3479 1895 3558; x_wconf 88' lang='lat' dir='ltr'><strong>templum</strong></span> <span class='ocrx_word' id='word_1_308' title='bbox 1934 3478 2168 3539; x_wconf 85' lang='lat' dir='ltr'><strong>violavi:</strong></span> <span class='ocrx_word' id='word_1_309' title='bbox 2217 3479 2278 3539; x_wconf 93' lang='lat' dir='ltr'><strong>in</strong></span> <span class='ocrx_word' id='word_1_310' title='bbox 2310 3479 2457 3541; x_wconf 90' lang='lat' dir='ltr'><strong>haec</strong></span> <span class='ocrx_word' id='word_1_311' title='bbox 2489 3481 2635 3542; x_wconf 83' lang='lat' dir='ltr'><strong>faci-</strong></span> 
     </span>
     <span class='ocr_line' id='line_1_40' title="bbox 477 3562 2632 3644; baseline 0.002 -23"><span class='ocrx_word' id='word_1_312' title='bbox 477 3580 621 3621; x_wconf 88' lang='lat' dir='ltr'><strong>nora</strong></span> <span class='ocrx_word' id='word_1_313' title='bbox 668 3580 886 3641; x_wconf 88' lang='lat' dir='ltr'><strong>quaere</strong></span> <span class='ocrx_word' id='word_1_314' title='bbox 915 3562 1291 3644; x_wconf 90' lang='lat' dir='ltr'><strong>supplicium.</strong></span> <span class='ocrx_word' id='word_1_315' title='bbox 1353 3562 1472 3623; x_wconf 87' lang='lat' dir='ltr'><strong>sive</strong></span> <span class='ocrx_word' id='word_1_316' title='bbox 1504 3563 1776 3624; x_wconf 90' lang='lat' dir='ltr'><strong>occidere</strong></span> <span class='ocrx_word' id='word_1_317' title='bbox 1806 3564 2032 3644; x_wconf 92' lang='lat' dir='ltr'><strong>placet,</strong></span> <span class='ocrx_word' id='word_1_318' title='bbox 2079 3565 2238 3624; x_wconf 83' lang='lat' dir='ltr'><strong>ferro</strong></span> <span class='ocrx_word' id='word_1_319' title='bbox 2269 3582 2402 3625; x_wconf 92' lang='lat' dir='ltr'><strong>meo</strong></span> <span class='ocrx_word' id='word_1_320' title='bbox 2433 3566 2632 3639; x_wconf 86' lang='lat' dir='ltr'><strong>venio,</strong></span> 
     </span>
     <span class='ocr_line' id='line_1_41' title="bbox 476 3645 2635 3719; baseline 0.002 -13"><span class='ocrx_word' id='word_1_321' title='bbox 476 3645 594 3706; x_wconf 89' lang='lat' dir='ltr'><strong>sive</strong></span> <span class='ocrx_word' id='word_1_322' title='bbox 652 3645 1003 3708; x_wconf 90' lang='lat' dir='ltr'><strong>verberibus</strong></span> <span class='ocrx_word' id='word_1_323' title='bbox 1047 3656 1327 3708; x_wconf 89' lang='lat' dir='ltr'><strong>contenta</strong></span> <span class='ocrx_word' id='word_1_324' title='bbox 1373 3666 1468 3719; x_wconf 85' lang='lat' dir='ltr'><strong>eS,</strong></span> <span class='ocrx_word' id='word_1_325' title='bbox 1528 3666 1703 3709; x_wconf 92' lang='lat' dir='ltr'><strong>curro</strong></span> <span class='ocrx_word' id='word_1_326' title='bbox 1750 3649 1945 3709; x_wconf 90' lang='lat' dir='ltr'><strong>nudus</strong></span> <span class='ocrx_word' id='word_1_327' title='bbox 1989 3648 2058 3708; x_wconf 87' lang='lat' dir='ltr'><strong>ad</strong></span> <span class='ocrx_word' id='word_1_328' title='bbox 2107 3648 2425 3710; x_wconf 87' lang='lat' dir='ltr'><strong>dominam.</strong></span> <span class='ocrx_word' id='word_1_329' title='bbox 2487 3649 2635 3711; x_wconf 91' lang='lat' dir='ltr'><strong>illud</strong></span> 
     </span>
    </p>
   </div>
   <div class='ocr_carea' id='block_1_14' title="bbox 484 3755 890 3766">
    <p class='ocr_par' dir='ltr' id='par_1_14' title="bbox 484 3755 890 3766">
     <span class='ocr_line' id='line_1_42' title="bbox 484 3755 890 3766; baseline 0 814"><span class='ocrx_word' id='word_1_330' title='bbox 484 3755 890 3766; x_wconf 95' lang='lat' dir='ltr'><strong> </strong></span> 
     </span>
    </p>
   </div>
   <div class='ocr_carea' id='block_1_15' title="bbox 476 3796 2641 4066">
    <p class='ocr_par' dir='ltr' id='par_1_15' title="bbox 476 3796 2641 4066">
     <span class='ocr_line' id='line_1_43' title="bbox 648 3796 2638 3865; baseline 0.002 -17"><span class='ocrx_word' id='word_1_331' title='bbox 648 3800 671 3848; x_wconf 83' lang='lat'>1</span> <span class='ocrx_word' id='word_1_332' title='bbox 707 3798 1059 3860; x_wconf 70' lang='lat' dir='ltr'><strong>praemissum</strong></span> <span class='ocrx_word' id='word_1_333' title='bbox 1096 3797 1248 3849; x_wconf 90' lang='lat' dir='ltr'><strong>Giton</strong></span> <span class='ocrx_word' id='word_1_334' title='bbox 1305 3797 1368 3849; x_wconf 84' lang='lat' dir='ltr'><strong>ad</strong></span> <span class='ocrx_word' id='word_1_335' title='bbox 1403 3797 1687 3864; x_wconf 88' lang='lat' dir='ltr'><strong>Encolpion</strong></span> <span class='ocrx_word' id='word_1_336' title='bbox 1733 3796 1753 3865; x_wconf 77' lang='grc' dir='ltr'><strong>ΙΙ</strong></span> <span class='ocrx_word' id='word_1_337' title='bbox 1794 3800 1827 3850; x_wconf 88' lang='grc'>4</span> <span class='ocrx_word' id='word_1_338' title='bbox 1869 3801 2220 3864; x_wconf 73' lang='lat' dir='ltr'><strong>praemissum</strong></span> <span class='ocrx_word' id='word_1_339' title='bbox 2253 3797 2535 3865; x_wconf 81' lang='lat' dir='ltr'><strong>Encolpius</strong></span> <span class='ocrx_word' id='word_1_340' title='bbox 2571 3799 2638 3851; x_wconf 81' lang='lat' dir='ltr'><strong>ad</strong></span> 
     </span>
     <span class='ocr_line' id='line_1_44' title="bbox 478 3861 2638 3932; baseline 0.003 -20"><span class='ocrx_word' id='word_1_341' title='bbox 478 3861 714 3914; x_wconf 88' lang='lat' dir='ltr'><strong>Gitonem</strong></span> <span class='ocrx_word' id='word_1_342' title='bbox 756 3863 776 3929; x_wconf 89' lang='grc' dir='ltr'><strong>ΙΙ</strong></span> <span class='ocrx_word' id='word_1_343' title='bbox 824 3865 855 3916; x_wconf 87' lang='grc'>9</span> <span class='ocrx_word' id='word_1_344' title='bbox 892 3863 1036 3916; x_wconf 88' lang='lat' dir='ltr'><strong>Circe</strong></span> <span class='ocrx_word' id='word_1_345' title='bbox 1071 3862 1336 3932; x_wconf 82' lang='lat' dir='ltr'><strong>Polyaeno</strong></span> <span class='ocrx_word' id='word_1_346' title='bbox 1373 3864 1469 3917; x_wconf 79' lang='lat' dir='ltr'><strong>sal.</strong></span> <span class='ocrx_word' id='word_1_347' title='bbox 1507 3881 1608 3918; x_wconf 89' lang='lat' dir='ltr'><strong>om.</strong></span> <span class='ocrx_word' id='word_1_348' title='bbox 1643 3865 1689 3915; x_wconf 86' lang='lat' dir='ltr'><strong><em>L</em></strong></span> <span class='ocrx_word' id='word_1_349' title='bbox 1728 3867 1746 3932; x_wconf 84' lang='grc' dir='ltr'><strong>ΙΙ</strong></span> <span class='ocrx_word' id='word_1_350' title='bbox 1789 3868 1851 3919; x_wconf 82' lang='lat'><strong>17</strong></span> <span class='ocrx_word' id='word_1_351' title='bbox 1890 3870 1994 3917; x_wconf 87' lang='lat' dir='ltr'><strong>tam</strong></span> <span class='ocrx_word' id='word_1_352' title='bbox 2028 3882 2159 3932; x_wconf 75' lang='lat' dir='ltr'><strong>pars</strong></span> <span class='ocrx_word' id='word_1_353' title='bbox 2192 3866 2483 3918; x_wconf 78' lang='lat' dir='ltr'><strong>librorum.-</strong></span> <span class='ocrx_word' id='word_1_354' title='bbox 2520 3866 2638 3928; x_wconf 79' lang='lat' dir='ltr'><strong>for-</strong></span> 
     </span>
     <span class='ocr_line' id='line_1_45' title="bbox 477 3931 2641 4001; baseline 0.003 -22"><span class='ocrx_word' id='word_1_355' title='bbox 477 3933 615 3980; x_wconf 76' lang='lat' dir='ltr'><strong>tasse</strong></span> <span class='ocrx_word' id='word_1_356' title='bbox 650 3936 818 3982; x_wconf 78' lang='lat' dir='ltr'><strong>tamen</strong></span> <span class='ocrx_word' id='word_1_357' title='bbox 859 3936 963 3983; x_wconf 83' lang='lat' dir='ltr'><strong>tam</strong></span> <span class='ocrx_word' id='word_1_358' title='bbox 990 3931 1095 3996; x_wconf 83' lang='grc'><strong>1131</strong></span> <span class='ocrx_word' id='word_1_359' title='bbox 1134 3932 1264 3985; x_wconf 85' lang='lat' dir='ltr'><strong>banc</strong></span> <span class='ocrx_word' id='word_1_360' title='bbox 1298 3933 1344 3984; x_wconf 85' lang='lat' dir='ltr'><em>L</em></span> <span class='ocrx_word' id='word_1_361' title='bbox 1369 3933 1388 4000; x_wconf 80' lang='grc' dir='ltr'><strong>ΙΙ</strong></span> <span class='ocrx_word' id='word_1_362' title='bbox 1415 3935 1482 3986; x_wconf 85' lang='grc'><strong>32</strong></span> <span class='ocrx_word' id='word_1_363' title='bbox 1516 3934 1725 4000; x_wconf 86' lang='lat' dir='ltr'><strong>inquam</strong></span> <span class='ocrx_word' id='word_1_364' title='bbox 1753 3939 1880 4001; x_wconf 79' lang='lat' dir='ltr'><strong>post</strong></span> <span class='ocrx_word' id='word_1_365' title='bbox 1903 3934 2064 3986; x_wconf 80' lang='lat' dir='ltr'><strong>habes</strong></span> <span class='ocrx_word' id='word_1_366' title='bbox 2098 3934 2305 3985; x_wconf 80' lang='lat' dir='ltr'><strong>addunt</strong></span> <span class='ocrx_word' id='word_1_367' title='bbox 2329 3950 2399 3985; x_wconf 70' lang='grc' dir='ltr'><strong>σω</strong></span> <span class='ocrx_word' id='word_1_368' title='bbox 2432 3935 2473 3985; x_wconf 90' lang='grc'><em>0</em></span> <span class='ocrx_word' id='word_1_369' title='bbox 2512 3936 2641 3986; x_wconf 80' lang='lat' dir='ltr'><strong>libri</strong></span> 
     </span>
     <span class='ocr_line' id='line_1_46' title="bbox 476 3998 1492 4066; baseline 0.005 -20"><span class='ocrx_word' id='word_1_370' title='bbox 476 3999 793 4062; x_wconf 76' lang='lat' dir='ltr'><strong>interpolati</strong></span> <span class='ocrx_word' id='word_1_371' title='bbox 818 3998 836 4066; x_wconf 83' lang='lat' dir='ltr'>ss</span> <span class='ocrx_word' id='word_1_372' title='bbox 864 4001 930 4051; x_wconf 85' lang='lat'><strong>34</strong></span> <span class='ocrx_word' id='word_1_373' title='bbox 965 4014 1080 4051; x_wconf 91' lang='lat' dir='ltr'><strong>cum</strong></span> <span class='ocrx_word' id='word_1_374' title='bbox 1117 3999 1248 4054; x_wconf 80' lang='lat' dir='ltr'><strong>ferro</strong></span> <span class='ocrx_word' id='word_1_375' title='bbox 1286 4004 1492 4053; x_wconf 76' lang='lat' dir='ltr'><strong>conieci</strong></span> 
     </span>
    </p>
   </div>
   <div class='ocr_carea' id='block_1_16' title="bbox 2680 1541 2741 1592">
    <p class='ocr_par' dir='ltr' id='par_1_16' title="bbox 2680 1541 2741 1592">
     <span class='ocr_line' id='line_1_47' title="bbox 2680 1541 2741 1592; baseline 0.016 -1"><span class='ocrx_word' id='word_1_376' title='bbox 2680 1541 2741 1592; x_wconf 87' lang='grc'><strong>10</strong></span> 
     </span>
    </p>
   </div>
   <div class='ocr_carea' id='block_1_17' title="bbox 2681 1964 2742 2015">
    <p class='ocr_par' dir='ltr' id='par_1_17' title="bbox 2681 1964 2742 2015">
     <span class='ocr_line' id='line_1_48' title="bbox 2681 1964 2742 2015; baseline -0.016 0"><span class='ocrx_word' id='word_1_377' title='bbox 2681 1964 2742 2015; x_wconf 79' lang='grc'><strong>15</strong></span> 
     </span>
    </p>
   </div>
   <div class='ocr_carea' id='block_1_18' title="bbox 2680 3230 2743 3280">
    <p class='ocr_par' dir='ltr' id='par_1_18' title="bbox 2680 3230 2743 3280">
     <span class='ocr_line' id='line_1_49' title="bbox 2680 3230 2743 3280; baseline 0.016 -1"><span class='ocrx_word' id='word_1_378' title='bbox 2680 3230 2743 3280; x_wconf 84' lang='grc'><strong>30</strong></span> 
     </span>
    </p>
   </div>
  </div>
 </body>
</html>
