2881 4580
1179 288 1459 344 sarman
2314 276 2393 343 13

164 477 216 529 L
241 477 304 530 et
330 466 627 530 sordidam
660 476 867 528 tenere
899 463 1205 544 coepimus
1245 463 1505 524 tunicam
1554 473 1730 543 atque
1775 465 1978 526 eadem
2007 466 2223 528 invidia
2254 484 2397 547 pro-

239 554 493 615 clamare
513 598 527 627 ,
576 559 779 612 nostra
811 569 937 611 esse
968 548 1153 629 spolia
1185 566 1335 627 quae
1373 548 1456 609 illi
1500 549 1890 627 possiderent.
1967 551 2066 613 sed
2100 552 2264 613 nullo
2295 568 2401 631 ge-

243 652 389 700 nere
432 650 545 718 par
589 643 716 698 erat
759 653 960 708 causa,
1010 629 1197 718 [nam]
1230 642 1289 694 et
1318 633 1621 695 coctiones
1665 636 1767 714 qui
1798 637 1867 695 ad
1905 636 2222 698 clamorem
2253 654 2398 698 con·

242 724 566 795 fluxerant,
614 730 873 782 nostram
906 720 1129 781 scilicet
1156 720 1228 779 de
1258 737 1422 779 more
1455 719 1728 780 ridebant
1761 721 2067 795 invidiam,
2100 723 2257 802 quod
2287 739 2399 802 pro

159 821 200 870 5
244 809 342 870 illa
373 816 543 888 parte
571 806 950 867 vindicabant
978 804 1457 884 pretiosissimam
1489 812 1727 879 vestem,
1760 825 1871 885 pro
1902 806 2011 867 bac
2044 809 2399 887 pannuciam

245 913 325 956 ne
355 892 716 954 centonibus
747 891 983 971 quidem
1028 889 1202 950 bonis
1245 890 1500 968 dignam.
1569 890 1707 950 hinc
1739 890 2005 972 Ascyltos
2033 892 2186 954 bene
2218 892 2403 954 risum

246 978 551 1049 discussit,
599 976 701 1056 qui
744 975 979 1037 silentio
1026 975 1178 1035 facto
1225 974 1523 1035 ‘videmus'
1554 975 1747 1053 inquit
1790 982 1973 1037 ‘suam
2019 979 2233 1057 cuique
2276 995 2402 1038 rem
2425 979 2504 1041 15

247 1076 378 1125 esse
438 1062 828 1135 carissimam3
887 1059 1134 1121 reddant
1191 1058 1363 1120 nobis
1422 1058 1682 1120 tunicam
1742 1072 2006 1122 nostram
2064 1072 2121 1123 et
2164 1062 2404 1143 pallium

247 1167 424 1211 suum
478 1146 806 1227 recipiant!
888 1146 995 1206 etsi
1047 1144 1269 1206 rustico
1321 1144 1675 1223 mulierique
1726 1146 1996 1225 placebat
2032 1150 2405 1228 permutatio,

138 1238 205 1297 10'
250 1233 516 1295 advocati
544 1242 743 1293 tamen
776 1233 887 1292 iam
921 1249 1075 1310 pene
1108 1230 1406 1302 nocturni,
1443 1230 1543 1308 qui
1566 1230 1843 1293 volebant
1870 1232 2111 1312 pallium
2138 1233 2289 1294 lucri
2320 1236 2407 1295 fa-

251 1337 412 1392 cere,
440 1317 779 1397 flagitabant
807 1316 894 1378 uti
923 1316 1076 1394 apud
1109 1334 1173 1376 se
1205 1324 1454 1393 utraque
1479 1315 1924 1393 deponerentur
1946 1336 2012 1378 ac
2042 1327 2282 1396 postero
2314 1320 2408 1382 die

254 1405 431 1465 iudex
462 1403 783 1482 querellam
806 1401 1144 1480 inspiceret.
1206 1418 1401 1479 neque
1433 1400 1592 1461 enim
1635 1418 1730 1462 res
1760 1411 2022 1475 tantum,
2070 1421 2219 1481 quae
2247 1405 2408 1466 vide-

251 1500 496 1562 rentur,
543 1489 604 1549 in
639 1486 1095 1548 controversiam
1131 1504 1289 1558 esse,
1336 1486 1437 1547 sed
1481 1485 1659 1564 longe
1702 1485 1859 1547 aliud
1890 1488 2124 1566 quaeri,
2170 1491 2320 1569 quod
2345 1490 2408 1551 in

253 1583 509 1653 utraque
540 1580 705 1653 parte
736 1572 960 1633 scilicet
989 1570 1282 1631 latrocinii
1314 1571 1573 1650 suspicio
1596 1571 1932 1632 haberetur.
1976 1573 2088 1633 iam
2121 1576 2412 1653 sequestri

138 1669 209 1719 15
256 1659 604 1741 placebant,
637 1666 694 1718 et
728 1658 927 1718 nescio
959 1657 1090 1736 quis
1121 1674 1192 1716 ex
1223 1656 1625 1728 coctionibus,
1664 1656 1891 1731 calvus,
1938 1657 2412 1722 tuberosissimae

258 1746 506 1819 frontis,
554 1743 654 1822 qui
684 1741 911 1805 solebat
941 1740 1254 1820 aliquando
1286 1741 1458 1801 etiam
1489 1758 1690 1802 causas
1720 1759 1923 1820 agere,
1967 1744 2258 1806 invaserat
2287 1747 2413 1825 pal-

258 1830 402 1891 lium
450 1829 967 1905 exhibiturumque
1013 1826 1268 1887 crastino
1313 1826 1408 1887 die
1453 1825 1798 1888 affirmabat.
1874 1838 2134 1890 ceterum
2167 1849 2415 1911 appare-

258 1915 363 1976 bat
405 1915 555 1976 nihil
600 1913 755 1975 aliud
799 1913 1003 1991 quaeri
1048 1912 1160 1973 nisi
1204 1919 1272 1971 ut
1314 1910 1497 1971 semel
1541 1911 1803 1990 deposita
1835 1914 2013 1975 vestis
2057 1916 2214 1977 inter
2243 1935 2415 1996 prae-

262 2000 450 2062 dones
493 1998 992 2078 strangularetur,
1040 2006 1099 2057 et
1143 2015 1255 2057 nos
1298 2005 1461 2058 metu
1506 1996 1768 2058 criminis
1814 2017 1936 2059 non
1982 2002 2316 2064 veniremus
2346 2005 2414 2065 ad

149 2093 219 2143 2⁰
262 2086 674 2147 constitutum.

288 2282 291 2283 ⁷
438 2203 593 2264 idem
625 2202 800 2282 plane
833 2212 890 2263 et
921 2220 1031 2262 nos
1052 2199 1407 2261 volebamuS.
1454 2199 1651 2278 itaque
1674 2202 1982 2280 utriusque
2007 2204 2188 2282 partis
2218 2215 2418 2266 votum

268 2309 438 2352 casus
462 2288 695 2351 adiuvit.
739 2286 1077 2367 indignatus
1102 2286 1258 2347 enim
1281 2285 1555 2359 rusticuS,
1590 2286 1745 2364 quod
1775 2307 1887 2349 nos
1909 2296 2223 2350 centonem
2256 2290 2420 2352 exbi-

265 2376 532 2437 bendum
565 2374 1024 2454 postularemus,
1072 2371 1229 2432 misit
1273 2371 1333 2431 in
1380 2371 1586 2430 faciem
1618 2372 1837 2452 Ascylti
1880 2373 2142 2434 tunicam
2188 2384 2246 2437 et
2273 2375 2421 2437 libe-

269 2470 429 2523 ratos
460 2457 723 2539 querella
751 2458 920 2520 iussit
950 2456 1189 2537 pallium
1221 2456 1539 2535 deponere,
1575 2457 1732 2535 quod
1765 2456 1955 2519 solum
1984 2458 2145 2520 litem
2174 2460 2424 2522 faciebat

1332 2563 1364 2599 *

157 2648 220 2700 25
441 2641 499 2692 et
528 2637 899 2710 recuperato,
930 2636 996 2688 ut
1018 2625 1388 2707 putabamuS,
1418 2626 1698 2687 thesauro
1729 2628 1790 2688 in
1823 2629 2220 2691 deversorium
2250 2648 2422 2710 prae-

271 2716 482 2796 cipites
526 2714 753 2776 abimus
797 2712 1236 2794 praeclusisque
1281 2711 1509 2773 foribus
1554 2712 1747 2773 ridere
1792 2731 2040 2775 acumen
2075 2733 2196 2776 non
2228 2715 2425 2778 minus

272 2802 616 2862 coctionum
656 2819 831 2879 quam
876 2797 1357 2859 calumniantium
1406 2798 1742 2876 coepimus,
1789 2800 1945 2879 quod
1994 2798 2167 2862 nobis
2196 2801 2428 2879 ingenti

275 2885 591 2947 calliditate
621 2884 932 2965 pecuniam
964 2882 1370 2944 reddidissent.

684 2970 825 3031 nolo
858 2968 1018 3047 quod
1049 2968 1241 3046 cupio,
1273 2967 1466 3029 statim
1497 2976 1720 3042 tenere,

165 3072 227 3123 30
687 3073 798 3116 nec
828 3053 1068 3115 victoria
1095 3052 1176 3112 mi
1207 3052 1400 3132 placet
1426 3062 1629 3133 parata

164 3229 264 3281 LO
457 3222 466 3306 1
505 3224 607 3285 sed
651 3232 719 3285 ut
760 3221 1018 3304 primum
1061 3159 1369 3284 beneficio*
1397 3222 1629 3285 Gitonis
1678 3232 2019 3302 praeparata
2067 3243 2176 3286 nos
2219 3224 2425 3303 imple·
2451 3220 2527 3283 16

273 3310 467 3371 vimus
497 3328 661 3382 cena,
703 3309 918 3372 ostium
950 3326 1071 3368 non
1105 3308 1243 3369 satis
1272 3308 1476 3369 audaci
1506 3308 1756 3389 strepitu
1788 3309 2061 3370 exsonuit
2090 3309 2426 3390 impulsum.

451 3462 583 3505 cum
615 3453 674 3505 et
702 3444 814 3524 ipsi
845 3462 986 3523 ergo
1019 3443 1215 3523 pallidi
1248 3462 1610 3522 rogaremuS,
1644 3443 1776 3524 quis
1806 3452 1978 3517 esset,
2011 3443 2209 3523 ‘aperi’
2238 3445 2433 3523 inquit

278 3531 417 3591 ‘iam
447 3529 635 3591 scies’.
707 3531 967 3609 dumque
1013 3530 1340 3608 loquimur,
1385 3548 1514 3590 sera
1560 3548 1662 3591 sua
1708 3538 1921 3608 sponte
1960 3528 2191 3609 delapsa
2223 3531 2432 3592 cecidit

164 3634 225 3683 35
275 3614 663 3694 reclusaeque
706 3614 902 3676 subito
947 3614 1104 3676 fores
1149 3614 1513 3677 admiserunt
1556 3615 1897 3675 intrantem.
1978 3615 2192 3677 mulier
2234 3624 2430 3677 autem

453 3783 484 3833 3
503 3785 638 3845 nam]
664 3786 837 3834 nostra
864 3780 1230 3833 Tornaesiana
1255 3780 1262 3844 Ι
1287 3781 1560 3833 conciones
1581 3797 1739 3849 quae:
1764 3785 1891 3832 item
1915 3780 2068 3843 infra
2091 3785 2151 3835 15
2174 3784 2432 3835 concioni-

278 3852 377 3903 bus
415 3853 468 3900 et
491 3852 553 3902 27
581 3850 880 3901 concionum
907 3850 984 3917 114
1010 3852 1354 3917 expectabam
1388 3865 1484 3902 nos
1519 3865 1559 3902 s.
1587 3850 1636 3900 d.
1663 3866 1729 3903 m.
1766 3851 2017 3913 ridebant,
2054 3851 2191 3917 quod
2222 3868 2272 3918 p.
2309 3851 2342 3903 i.
2379 3868 2430 3919 p.

277 3918 528 3970 vindicari
554 3917 795 3970 videbant
819 3918 838 3985 11
865 3921 896 3971 6
921 3933 1053 3983 pene
1083 3924 1091 3982 1
1122 3919 1280 3970 rixam
1307 3919 1578 3969 Iacobn‘us
1601 3918 1620 3986 11
1647 3922 1675 3971 7
1702 3917 1968 3971 videamus
1995 3918 2015 3985 11
2042 3923 2102 3972 10
2122 3922 2184 3969 in
2207 3924 2430 3970 mentem

277 3988 416 4038 mihi
449 3990 596 4037 venit
630 4001 740 4038 eam
778 3987 1066 4053 impedituri
1105 3987 1222 4054 quia
1252 3985 1360 4053 1113
1407 3987 1459 4038 in
1506 3993 1617 4038 utra
1655 3992 1798 4052 parte
1835 3987 2033 4038 Daniel
2053 3985 2072 4053 11
2101 3989 2166 4039 32
2201 3985 2435 4048 fortasse

283 4056 474 4107 ostium
511 4058 742 4106 nostrum
772 4055 781 4122 1
813 4056 1049 4107 exsonuit
1081 4072 1182 4121 pro
1221 4055 1391 4107 sonuit
1426 4055 1742 4121 noviciumn
1768 4057 1831 4108 35
1869 4055 2215 4122 remissaeque
2257 4056 2298 4106 0
