2881 4580
458 294 545 354 24
1379 293 1685 348 PETRONll

452 469 591 531 dum
621 467 780 530 enim
810 468 1227 548 repositorium
1270 467 1580 529 duodecim
1623 467 1875 529 habebat
1915 467 2082 548 signa
2126 467 2188 528 in
2225 466 2369 528 orbe
2398 467 2705 547 dispo-HL

452 556 593 628 sita,
639 572 819 635 super
861 572 1011 633 quae
1056 552 1366 633 proprium
1411 553 1981 631 convenientemque
2022 553 2301 614 materiae
2344 559 2603 614 structor

453 640 815 719 imposuerat
843 638 1071 700 cibum:
1116 656 1296 718 super
1323 638 1566 699 arietem
1597 638 1753 699 cicer
1778 637 2092 699 arietinum
2109 683 2125 712 ‚
2157 655 2339 718 super
2365 645 2602 698 taurum

451 723 711 785 bubulae
742 725 994 786 frustum
1011 769 1029 798 ‚
1058 742 1239 803 super
1267 723 1536 802 geminos
1562 723 1864 785 testiculos
1891 741 1959 783 ac
1988 723 2215 795 rienes,
2250 740 2430 802 super
2460 739 2601 783 can-

453 827 621 871 crum
652 826 968 883 coronam,
1011 827 1190 889 super
1219 808 1457 870 leonem
1486 809 1664 869 ficum
1692 807 2024 870 Africanam
2042 853 2059 880 ‚
2102 825 2286 887 super
2314 807 2602 886 virginem
2648 820 2681 871 5

452 894 831 957 steriliculam
846 941 863 968 ‚
908 912 1090 975 super
1131 892 1340 955 libram
1384 901 1661 955 stateram
1704 893 1767 954 in
1812 892 1981 954 cuius
2008 892 2189 954 altera
2217 904 2384 972 parte
2414 891 2602 954 scrib-

452 980 555 1041 lita
585 990 740 1052 erat‚
783 979 846 1040 in
879 978 1058 1041 altera
1088 978 1357 1059 placenta
1376 1024 1391 1052 ‚
1431 976 1442 1061 Ι
1481 996 1664 1058 super
1690 977 2068 1058 scorpionem
2098 978 2450 1057 pisciculum
2479 995 2603 1038 ma·
2639 978 2690 1028 Η

452 1066 680 1140 riuum,
729 1060 740 1147 Ι
778 1082 960 1144 super
998 1064 1361 1145 sagittarium
1405 1064 1764 1143 oclopetam‚
1822 1081 2003 1143 super
2050 1063 2464 1143 capricornum
2506 1063 2595 1123 lo·-
2611 1063 2715 1114 HL

454 1159 680 1212 custam
724 1148 1045 1224 marinam,
1089 1166 1271 1229 super
1311 1149 1618 1227 aquarium
1660 1166 1960 1221 anserem,
2005 1166 2186 1227 super
2219 1149 2412 1228 pisces
2455 1149 2603 1209 duos

452 1235 685 1296 mullos.
773 1234 835 1295 in
890 1235 1083 1296 medio
1140 1243 1336 1296 autem
1389 1251 1630 1312 caespes
1686 1252 1821 1294 cum
1880 1232 2080 1295 herbis
2133 1234 2362 1295 excisus
2405 1232 2600 1294 favum
2655 1245 2716 1296 10

453 1318 801 1383 sustinebat.
848 1319 1300 1382 circumferebat
1315 1319 1639 1399 Aegyptius
1660 1336 1810 1398 puer
1833 1317 2067 1379 clibano
2083 1328 2362 1398 argenteo
2386 1337 2601 1398 panem

453 1501 630 1571 atque
675 1490 801 1570 ipse
845 1490 1022 1551 etiam
1065 1487 1398 1550 taeterrima
1438 1506 1584 1548 voce
1628 1486 1700 1549 de
1740 1487 2161 1568 Laserpiciario
2207 1488 2387 1549 mimo
2420 1488 2607 1549 canti-

454 1591 591 1637 cum
635 1575 897 1636 extorsit.
976 1593 1085 1635 nos
1127 1582 1197 1633 ut
1238 1572 1528 1634 tristiores
1571 1573 1642 1633 ad
1690 1580 1805 1633 tam
1849 1573 1987 1635 viles
2030 1573 2383 1635 accessimus
2424 1572 2607 1648 cibos,

354 1658 715 1723 36‘suadeo'
747 1660 941 1739 inquit
968 1657 1323 1719 Trimalchio
1366 1662 1700 1731 ‘cenemus;
1744 1658 1859 1719 hoc
1902 1667 1993 1721 est
2032 1658 2125 1720 ius
2169 1658 2389 1719 cenae'.
2462 1659 2608 1720 haec

457 1755 523 1807 ut
549 1745 726 1817 dixit,
769 1745 839 1805 ad
869 1742 1279 1824 symphoniam
1317 1750 1596 1821 quattuor
1625 1743 2016 1822 tripudiantes
2045 1753 2480 1823 procurrerunt
2506 1763 2608 1806 su·
2653 1751 2718 1804 15

456 1831 870 1911 perioremque
898 1836 1129 1909 partem
1158 1827 1492 1907 repositorii
1521 1827 1911 1889 abstulerunt.
1984 1847 2101 1907 quo
2145 1829 2300 1890 facto
2345 1829 2608 1890 videmus

456 1916 611 1977 insra
642 1911 893 1997 [scilicet
920 1913 983 1974 in
1029 1912 1212 1974 altero
1249 1908 1501 1995 ferculo]
1547 1912 1721 1973 altilia
1768 1922 1827 1973 et
1868 1914 2099 1975 sumina
2128 1913 2511 1992 leporemque
2543 1914 2606 1974 iu

457 1998 649 2060 medio
681 1998 884 2079 pinnis
906 1997 1315 2068 subornatum,
1348 2006 1412 2058 ut
1433 1997 1692 2076 Pegasus
1713 1997 2029 2059 videretur.
2084 1999 2411 2060 notavimus
2434 1999 2610 2060 etiam

458 2085 613 2146 circa
643 2083 894 2162 angulos
922 2082 1260 2163 repositorii
1290 2082 1548 2162 Marsyas
1585 2091 1894 2160 quattuor,
1939 2102 2012 2144 ex
2056 2102 2310 2163 quorum
2340 2083 2609 2145 utriculis

456 2187 659 2249 garum
704 2168 1038 2248 piperatum
1072 2166 1349 2228 currebat
1375 2184 1557 2246 super
1595 2168 1815 2247 pisces,
1862 2169 1963 2246 qui
1993 2177 2272 2249 tanquam
2305 2169 2365 2229 in
2400 2169 2609 2248 euripo
2653 2176 2719 2228 2ο

455 2254 753 2317 natabant.
840 2252 1045 2315 damus
1096 2270 1302 2314 omnes
1353 2251 1624 2333 plausum
1682 2270 1715 2314 a
1771 2253 1984 2315 familia
2039 2254 2340 2336 inceptum
2397 2263 2457 2316 et
2509 2272 2605 2316 res

458 2340 835 2402 electissimas
893 2339 1153 2400 ridentes
1210 2338 1603 2417 aggredimur.
1701 2357 1824 2399 non
1884 2338 2080 2401 minus
2136 2349 2196 2401 et
2249 2340 2605 2401 Trimalchio

456 2425 745 2488 eiusmodi
774 2424 1070 2485 methodio
1101 2423 1287 2485 laetus
1332 2423 1558 2502 ‘Carpe'
1606 2424 1818 2503 iuquit.
1892 2426 2181 2504 processit
2220 2425 2415 2486 statim
2459 2425 2606 2487 scis-

457 2529 558 2572 sor
601 2520 659 2571 et
702 2510 774 2571 ad
817 2509 1232 2590 symphoniam
1274 2508 1654 2587 gesticulatus
1697 2509 1774 2570 ita
1818 2509 2091 2570 laceravit
2133 2508 2479 2585 obsonium,
2537 2519 2607 2571 ut

455 2605 696 2676 putares
725 2594 1084 2655 essedarium
1111 2593 1390 2673 hydraule
1420 2602 1700 2654 cantante
1729 2612 2013 2674 pugnare.
2081 2594 2390 2673 ingerebat
2418 2595 2603 2656 nihilo
2648 2603 2713 2653 25

454 2681 656 2742 minus
692 2678 1047 2739 Trimalchio
1092 2676 1414 2738 lentissima
1457 2696 1629 2738 voce:
1677 2678 1910 2758 ‘Carpe‚
1958 2679 2181 2758 Carpe’.
2255 2698 2365 2759 ego
2410 2680 2603 2760 suspi-

457 2774 623 2826 catus
665 2763 735 2824 ad
780 2762 1034 2840 aliquam
1077 2760 1472 2823 urbanitatem
1498 2762 1717 2824 totiens
1755 2763 2021 2825 iteratam
2051 2783 2255 2826 vocem
2283 2765 2603 2843 pertinere,

457 2867 580 2911 non
643 2845 855 2909 erubui
912 2865 1047 2908 eum
1107 2846 1208 2925 qui
1262 2865 1439 2926 supra
1495 2865 1589 2907 me
1646 2847 2058 2922 accumbebat,
2116 2851 2228 2910 hoc
2273 2850 2463 2929 ipsum
2508 2850 2604 2911 in-

454 2944 779 3010 terrogare.
838 2940 899 2992 at
926 2931 1053 3005 ille,
1085 2932 1188 3010 qui
1217 2931 1452 3011 saepius
1482 2933 1767 2994 eiusmodi
1795 2933 1966 2996 ludos
1995 2944 2387 3013 spectaverat,
2425 2935 2605 2997 ‘vides

457 3017 638 3079 illum'
669 3017 864 3096 inquit
895 3017 1016 3096 ‘qui
1047 3016 1362 3078 obsonium
1392 3016 1607 3095 carpit:
1652 3018 1876 3097 Carpus
1905 3029 2166 3081 vocatur.
2226 3019 2422 3099 itaque
2454 3038 2605 3098 quo·
2650 3029 2716 3081 30

458 3103 805 3180 tiescunque
835 3101 979 3162 dicit
1008 3101 1291 3181 “Carpe''‚
1324 3103 1530 3163 eodem
1561 3104 1741 3164 verbo
1773 3112 1832 3163 et
1860 3114 2026 3165 vocat
2054 3114 2114 3165 et
2142 3104 2424 3183 imperat'.

354 3184 439 3246 37
629 3206 750 3249 non
809 3187 976 3267 potui
1031 3187 1282 3265 amplius
1340 3188 1654 3266 quicquam
1701 3197 1966 3265 gustare,
2022 3190 2125 3250 sed
2169 3208 2489 3251 conversus
2532 3190 2606 3250 ad

460 3290 626 3344 eum,
658 3280 725 3334 ut
753 3291 928 3351 quam
960 3271 1214 3351 plurima
1245 3273 1577 3351 exciperem
1595 3317 1610 3345 ‚
1641 3273 1819 3351 longe
1849 3292 2149 3336 accersere
2179 3274 2405 3336 fabulas
2433 3275 2606 3355 coepi

458 3357 893 3436 sciscitarique‚
924 3375 1074 3435 quae
1107 3365 1261 3418 esset
1289 3357 1503 3417 mulier
1531 3357 1646 3433 illa,
1678 3376 1828 3436 quae
1860 3359 1974 3420 huc
2004 3369 2180 3439 atque
2210 3359 2349 3420 illuc
2380 3360 2603 3421 discur-

456 3450 631 3504 reret.
694 3442 878 3503 ‘uxor'
916 3442 1110 3521 inquit
1140 3441 1641 3517 ‘Trimalchionis‚
1687 3442 2009 3505 Fortunata
2052 3444 2409 3524 appellatur,
2455 3463 2604 3522 quae
2647 3450 2716 3500 35

459 3545 732 3589 nummos
777 3526 972 3586 modio
1017 3527 1275 3589 metitur.
1363 3535 1423 3587 et
1467 3528 1676 3602 modo,
1720 3529 1896 3589 modo
1942 3529 2080 3608 quid
2126 3527 2280 3591 fuit?
2339 3530 2606 3608 ignoscet
2703 3551 2706 3554 ·

460 3611 601 3672 mihi
631 3611 840 3690 genius
869 3622 1027 3684 tuus,
1060 3611 1350 3674 noluisses
1377 3612 1450 3673 de
1472 3630 1651 3673 manu
1676 3612 1831 3674 illius
1850 3632 2065 3694 panem
2087 3615 2373 3694 accipere.
2420 3632 2602 3688 nunc,

463 3714 576 3757 nec
605 3695 746 3775 quid
778 3714 889 3756 nec
920 3714 1121 3774 quare,
1152 3697 1212 3756 in
1245 3696 1474 3757 caelum
1499 3697 1639 3758 abiit
1671 3705 1730 3758 et
1750 3698 2198 3761 Trimalchionis
2229 3709 2470 3779 topanta
2495 3709 2603 3761 est.

633 3915 694 3965 13
729 3917 1001 3979 extorquet
1033 3912 1079 3964 L
1138 3914 1157 3981 ΙΙ
1219 3915 1283 3966 20
1327 3918 1570 3982 tanquam
1617 3929 1717 3967 om.
1765 3915 1825 3980 L,
1871 3917 2160 3983 quicunque
2209 3918 2382 3984 euripo
2420 3916 2599 3984 111121

459 3983 697 4047 coeptum
733 3980 776 4031 L
799 3980 819 4049 ΙΙ
849 3983 914 4033 24
966 3982 1037 4033 ita
1091 3981 1428 4047 gesticulatus
1484 3982 1529 4033 L
1554 3983 1573 4050 ΙΙ
1599 3985 1665 4035 30
1713 3983 1880 4050 inquit
1913 3984 2058 4035 illum
2092 3983 2137 4036 L
2163 3985 2182 4051 ΙΙ
2209 3986 2273 4037 33
2310 4000 2462 4052 quam
2499 4001 2603 4039 om.

454 4045 505 4102 L
528 4047 548 4117 ΙΙ
577 4050 640 4102 36
677 4048 830 4102 modo
863 4065 973 4101 non
1007 4052 1226 4101 iteravit
1260 4050 1305 4101 L
1329 4049 1349 4118 ΙΙ
1375 4053 1438 4103 37
1476 4051 1586 4103 eius
1623 4050 1667 4101 L
