2881 4580
1136 309 1420 363 PRIAPEA
2240 308 2362 368 149

1238 480 1334 542 LV

445 584 695 646 Credere
725 584 860 663 quis
889 581 1121 663 possit?
1151 583 1360 644 falcem
1394 602 1634 663 quoque
1665 620 1747 630 —
1779 592 1953 667 turpe
1984 586 2154 647 fateri
2183 619 2268 631 —

520 670 591 731 de
622 669 822 749 digitis
851 670 1015 731 fures
1045 668 1391 750 surripuere
1421 670 1587 731 meis.

443 773 553 816 nec
582 763 781 816 movet
808 754 1005 816 amissi
1036 763 1153 816 tam
1184 772 1279 815 me
1309 753 1532 816 iactura
1562 754 1894 835 pudorque,

519 858 697 918 quam
730 838 1024 920 praebent
1054 840 1241 902 iustos
1271 836 1454 901 altera
1483 840 1598 901 tela
1628 848 1848 902 metus:

440 943 588 1004 quae
618 925 668 987 si
698 924 1034 1005 perdidero,
1066 925 1252 1005 patria
1283 923 1580 1000 mutabor,
1613 933 1672 986 et
1704 925 1843 987 olim
2248 934 2279 985 5

515 1010 614 1072 ille
645 1018 784 1073 tuus
815 1010 974 1086 civis,
1006 1010 1348 1090 Lampsaco,
1381 1010 1583 1072 Gallus
1614 1029 1738 1072 ero.

1226 1145 1354 1207 LVI

440 1247 684 1309 Derides
714 1265 972 1327 quoque,
1005 1249 1118 1321 fur,
1151 1256 1211 1309 et
1239 1246 1602 1327 impudicum

440 1331 702 1395 ostendis
730 1333 978 1412 digitum
1009 1333 1152 1394 mihi
1184 1329 1482 1393 minanti?

439 1418 589 1479 eheu
617 1435 715 1480 me
744 1418 1045 1493 miserum,
1078 1416 1238 1497 quod
1266 1417 1378 1479 ista
1404 1417 1635 1497 lignum
1679 1427 1786 1493 est,

444 1521 592 1583 quae
624 1521 720 1564 me
749 1502 1075 1565 terribilem
1109 1503 1247 1565 facit
1274 1502 1476 1564 videri.

440 1587 736 1650 mandabo
767 1587 1012 1650 domino
1042 1597 1243 1650 tamen
1275 1587 1473 1664 salaci,
2251 1596 2282 1646 5

441 1683 507 1735 ut
533 1692 645 1754 pro
675 1692 773 1735 me
801 1673 940 1735 velit
968 1674 1254 1736 irrumare
1284 1674 1468 1735 fures.

1212 1826 1367 1888 LVII

444 1927 661 1989 Cornix
684 1936 744 1989 et
767 1926 954 1989 caries
976 1936 1261 2007 vetusque
1286 1925 1551 2001 bustum,

443 2011 615 2074 turba
643 2013 849 2093 putida
876 2014 1028 2074 facta
1059 2013 1452 2087 saeculorum,

441 2116 591 2176 quae
620 2100 820 2160 forsan
854 2098 1145 2177 potuisset
1175 2117 1305 2160 esse
1338 2097 1539 2159 nutrix

443 2182 681 2245 Tithoni
714 2183 1050 2262 Priamique
1079 2182 1485 2262 Nestorisque,

443 2267 556 2331 illis
587 2269 646 2330 ni
679 2268 884 2350 pueris
913 2287 1066 2331 anus
1093 2267 1321 2343 fuisset,
2252 2271 2285 2324 5

448 2372 524 2415 ne
553 2354 739 2416 desim
771 2355 902 2430 sibi,
936 2373 1030 2415 me
1060 2364 1249 2433 rogat,
1281 2355 1532 2415 fututor.

444 2440 662 2521 quid,si
693 2459 857 2501 nunc
888 2447 1078 2519 roget,
1113 2447 1177 2501 ut
1206 2438 1406 2519 puella
1438 2433 1582 2498 fiat?

442 2593 796 2698 sijnummos
825 2619 1020 2671 tamen
1054 2610 1199 2670 haec
1230 2605 1427 2682 habet,
1460 2605 1656 2686 puella
1687 2612 1795 2666 est.

1197 2743 1378 2804 LVIII

442 2844 799 2925 Quicunque
830 2855 1094 2909 nostram
1123 2848 1221 2909 fur
1251 2845 1525 2909 fefellerit
1554 2861 1776 2918 curam,

443 2931 781 2993 effeminato
810 2932 1101 2994 verminet
1129 2933 1339 3014 procul
1370 2931 1541 3007 culo;

442 3034 713 3097 quaeque
742 3017 839 3078 hic
867 3026 1141 3097 proterva
1171 3018 1461 3098 carpserit
1488 3033 1668 3087 manu
1697 3031 1872 3094 poma

440 3102 652 3181 puella,
678 3102 908 3189 nullum
932 3103 1191 3182 reperiat
1210 3104 1557 3166 fututorem.

1199 3254 1407 3316 LVIIII

442 3355 812 3417 Praedictum
841 3355 950 3417 tibi
982 3375 1059 3418 ne
1085 3374 1304 3435 negare
1328 3356 1555 3436 possis:

440 3441 489 3501 si
521 3442 618 3503 fur
646 3441 899 3517 veneris,
931 3441 1270 3521 impudicus
1302 3441 1445 3504 exis.

1242 3594 1342 3656 LX

442 3711 503 3773 Si
534 3719 682 3790 quot
711 3712 895 3774 habes
924 3730 1149 3788 versuS‚
1182 3721 1271 3775 tot
1300 3712 1552 3774 haberes
1582 3729 1778 3791 poma,
1810 3710 2042 3790 Priape,

519 3815 680 3859 esses
708 3798 953 3877 antiquo
978 3799 1155 3861 ditior
1178 3799 1452 3860 Alcinoo.

382 3946 468 3999 LV
497 3952 519 4001 1
551 3952 731 4015 posset
759 3950 1004 4016 plerique
1034 3949 1042 4017 Ι
1075 3953 1105 4003 3
1143 3962 1226 4000 me
1261 3952 1366 3999 tam
1402 3948 1504 3999 alii
1532 3945 1541 4015 Ι
1575 3949 1604 3999 5
1630 3945 1886 3997 multabor
1904 3945 2150 4013 plerique
2193 3944 2213 4011 ΙΙ
2250 3944 2375 3997 LVII

221 4016 250 4065 6
282 4014 414 4068 desit
441 4017 602 4083 volgo
634 4019 644 4083 Ι
677 4019 707 4070 8
734 4017 941 4069 delebat
961 4019 1223 4071 Barthius
1248 4015 1267 4083 ΙΙ
1294 4015 1436 4068 LVlIl
1466 4019 1491 4070 1
1520 4018 1709 4078 curam]
1735 4012 1889 4066 fidem
1911 4014 2154 4081 plerique
2185 4014 2191 4077 Ι
2224 4016 2255 4065 2
2280 4013 2401 4064 ἱιιι-·

221 4081 373 4137 minet
406 4085 587 4153 procul
625 4084 781 4139 dubio
820 4086 976 4137 libri:
1013 4087 1164 4139 inane
1191 4086 1384 4153 pruriat
1408 4085 1587 4138 lumbo
1605 4082 1963 4135 Baebi-emim
1987 4083 2007 4150 ΙΙ
2030 4080 2196 4134 LVllll
2222 4084 2253 4133 2
2273 4081 2374 4133 eris
